@BOOK{Tufte2006,
	author = {Edward R. Tufte},
	title = {Beautiful Evidence},
	year = {2006},
	publisher = {Graphics Press, {LLC}},
	month = {May},
	edition = {First},
	place = {Cheshire, Connecticut},
	isbn = {0-9613921-7-7}
}

@BOOK{Tufte2001,
	author = {Edward R. Tufte},
	title = {The Visual Display of Quantitative Information},
	publisher = {Graphics Press},
	year = {2001},
	address = {Cheshire, Connecticut},
	isbn = {0-9613921-4-2}
}

@BOOK{Tufte1990,
	author = {Edward R. Tufte},
	title = {Envisioning Information},
	publisher = {Graphics Press},
	year = {1990},
	address = {Cheshire, Connecticut},
	isbn = {0-9613921-1-8}
}

@BOOK{Tufte1997,
	author = {Edward R. Tufte},
	title = {Visual Explanations},
	publisher = {Graphics Press},
	year = {1997},
	address = {Cheshire, Connecticut},
	isbn = {0-9613921-2-6}
}

@BOOK{Bringhurst2005,
	author = {Robert Bringhurst},
	title = {The Elements of Typography},
	publisher = {Hartley \& Marks},
	year = {2005},
	edition = {3.1},
	isbn = {0-88179-205-5}
}

@BOOK{Mittelbach2004,
	author = {Frank Mittelbach and Michel Goossens},
	title = {The \LaTeX\ Companion},
	publisher = {Addison--Wesley},
	year = {2004},
	edition = {Second},
	isbn = {0-201-36299-6}
}

@MISC{pkg-geometry,
    author = {Hideo Umeki},
    title = {The \texttt{geometry} package},
    year = {2008},
    month = dec,
    howpublished = {\url{http://ctan.org/pkg/geometry}}
}



@article{polyak1964some,
  title={Some methods of speeding up the convergence of iteration methods},
  author={Polyak, Boris Teodorovich},
  journal={USSR Computational Mathematics and Mathematical Physics},
  volume={4},
  number={5},
  year={1964},
  publisher={Elsevier}
}


@ARTICLE{peleg2001,
author={S. Peleg and M. Ben-Ezra and Y. Pritch},
journal={PAMI},
title={Omnistereo: panoramic stereo imaging},
year={2001},
ISSN={0162-8828},
}

@article{nehab2011gpu,
  title={GPU-efficient recursive filtering and summed-area tables},
  author={Nehab, Diego and Maximo, Andr{\'e} and Lima, Rodolfo S and Hoppe, Hugues},
  journal={ACM Transactions on Graphics (TOG)},
  volume={30},
  number={6},
  year={2011},
  publisher={ACM}
}


@article{middlebury-data,
  title={A taxonomy and evaluation of dense two-frame stereo correspondence algorithms},
  author={Scharstein, Daniel and Szeliski, Richard},
  journal={International journal of computer vision},
  year={2002},
}


@Article{levoy1996light,
    author = {Levoy, Marc and Hanrahan, Pat},
    title = {Light field rendering},
    journal = {SIGGRAPH},
    year = 1996,
}

@inproceedings{tpu,
 author = {Jouppi, Norman P. and Young, Cliff and Patil, Nishant and Patterson, David and Agrawal, Gaurav and Bajwa, Raminder and Bates, Sarah and Bhatia, Suresh and Boden, Nan and Borchers, Al and Boyle, Rick and Cantin, Pierre-luc and Chao, Clifford and Clark, Chris and Coriell, Jeremy and Daley, Mike and Dau, Matt and Dean, Jeffrey and Gelb, Ben and Ghaemmaghami, Tara Vazir and Gottipati, Rajendra and Gulland, William and Hagmann, Robert and Ho, C. Richard and Hogberg, Doug and Hu, John and Hundt, Robert and Hurt, Dan and Ibarz, Julian and Jaffey, Aaron and Jaworski, Alek and Kaplan, Alexander and Khaitan, Harshit and Killebrew, Daniel and Koch, Andy and Kumar, Naveen and Lacy, Steve and Laudon, James and Law, James and Le, Diemthu and Leary, Chris and Liu, Zhuyuan and Lucke, Kyle and Lundin, Alan and MacKean, Gordon and Maggiore, Adriana and Mahony, Maire and Miller, Kieran and Nagarajan, Rahul and Narayanaswami, Ravi and Ni, Ray and Nix, Kathy and Norrie, Thomas and Omernick, Mark and Penukonda, Narayana and Phelps, Andy and Ross, Jonathan and Ross, Matt and Salek, Amir and Samadiani, Emad and Severn, Chris and Sizikov, Gregory and Snelham, Matthew and Souter, Jed and Steinberg, Dan and Swing, Andy and Tan, Mercedes and Thorson, Gregory and Tian, Bo and Toma, Horia and Tuttle, Erick and Vasudevan, Vijay and Walter, Richard and Wang, Walter and Wilcox, Eric and Yoon, Doe Hyun},
 title = {In-Datacenter Performance Analysis of a Tensor Processing Unit},
 booktitle = {Proceedings of the 44th Annual International Symposium on Computer Architecture},
 series = {ISCA '17},
 year = {2017},
 isbn = {978-1-4503-4892-8},
 location = {Toronto, ON, Canada},
 pages = {1--12},
 numpages = {12},
 url = {http://doi.acm.org/10.1145/3079856.3080246},
 doi = {10.1145/3079856.3080246},
 acmid = {3080246},
 publisher = {ACM},
 address = {New York, NY, USA},
 keywords = {CNN, DNN, GPU, LSTM, MLP, RNN, TPU, TensorFlow, accelerator, deep learning, domain-specific architecture, neural network},
}

@inproceedings{q100,
 author = {Wu, Lisa and Lottarini, Andrea and Paine, Timothy K. and Kim, Martha A. and Ross, Kenneth A.},
 title = {Q100: The Architecture and Design of a Database Processing Unit},
 booktitle = {Proceedings of the 19th International Conference on Architectural Support for Programming Languages and Operating Systems},
 series = {ASPLOS '14},
 year = {2014},
 isbn = {978-1-4503-2305-5},
 location = {Salt Lake City, Utah, USA},
 pages = {255--268},
 numpages = {14},
 url = {http://doi.acm.org/10.1145/2541940.2541961},
 doi = {10.1145/2541940.2541961},
 acmid = {2541961},
 publisher = {ACM},
 address = {New York, NY, USA},
 keywords = {accelerator, database, dpu, microarchitecture, specialized functional unit, streaming data},
}

@article{shum2005virtual,
  title={A virtual reality system using the concentric mosaic: construction, rendering, and data compression},
  author={Shum, Heung-Yeung and Ng, King-To and Chan, Shing-Chow},
  journal={IEEE Transactions on Multimedia},
  year={2005},
  publisher={IEEE}
}

@article{carranza2003free,
  title={Free-viewpoint video of human actors},
  author={Carranza, Joel and Theobalt, Christian and Magnor, Marcus A and Seidel, Hans-Peter},
  booktitle={ACM Transactions on Graphics (TOG)},
  number={3},
  year={2003},
}


@article{Barron2015A,
author = {Jonathan T Barron and Andrew Adams and YiChang Shih and Carlos Hern\'andez},
title = {Fast bilateral-space stereo for synthetic defocus},
journal = {CVPR},
year = {2015},
}

@article{optical-flow,
author={Deqing Sun and Stefan Roth and Michael J. Black},
journal = {CVPR},
title={Secrets of optical flow estimation and their principles},
year={2010},
ISSN={1063-6919}, }

@article{BarronPoole2016,
author = {Jonathan T Barron and Ben Poole},
title = {The fast bilateral solver},
journal = {ECCV},
year = {2016},
}


@online{facebooksurround,
  title = {Facebook Surround 360},
  author = {Facebook},
  howpublished = {\url{https://facebook360.fb.com/facebook-surround-360/}},
  year = {2017},
  note = {Accessed: 2017-06-15}
}



@online{oculusrift,
  title = {Oculus Rift},
  author = {Oculus},
  howpublished = {\url{https://www.oculus.com/rift/}},
  year = {2017},
  note = {Accessed: 2017-06-15}
}



% Depth super-res benchmarks


@article{Shen2015,
    author = {Xiaoyong Shen and Chao Zhou and Li Xu and Jiaya Jia},
    title = {Mutual-structure for Joint Filtering},
    journal={ICCV},
    year = {2015},
}

@article {Zhang2014,
  title = {100+ times faster weighted median filter (WMF)},
  journal = {CVPR},
  year = {2014},
  author = {Qi Zhang and Li Xu and Jiaya Jia}
}


@article{Yang2015,
 author    = {Qingxiong Yang},
 title     = {Stereo matching using tree filtering},
 journal = {PAMI},
 year = {2015},
}

@article{Ionescu_2015_ICCV,
author = {Ionescu, Catalin and Vantzos, Orestis and Sminchisescu, Cristian},
title = {Matrix backpropagation for deep networks with structured layers},
journal = {ICCV},
year = {2015}
}

@article{Liu2013,
  author = {Ming-Yu Liu and Tuzel, Oncel and Taguchi, Yuichi},
  journal = {CVPR},
  title = {Joint geodesic upsampling of depth images},
  year = 2013
}


@article{Elad2002,
  author    = {Michael Elad},
  title     = {On the origin of the bilateral filter and ways to improve it},
  journal   = {Transactions on Image Processing},
  year      = {2002},
}

@article{Ma2013,
 author = {Ma, Ziyang and He, Kaiming and Wei, Yichen and Sun, Jian and Wu, Enhua},
 title = {Constant time weighted median filtering for stereo matching and beyond},
 journal = {ICCV},
 year = {2013},
}


@article{Min2014,
  author = {Min, Dongbo and Choi, Sunghwan and Lu, Jiangbo and Ham, Bumsub and Sohn, Kwanghoon and Do, Minh N.},
  journal = {Transactions on Image Processing},
  title = {Fast global image smoothing based on weighted least squares},
  year = {2014},
}

@Article{FFLS2008,
    author = {Zeev Farbman and Raanan Fattal and Dani Lischinski and Richard Szeliski},
    title = {Edge-preserving decompositions for multi-scale tone and detail manipulation},
    journal = {SIGGRAPH},
    year = 2008,
}

@article{He2015,
  author    = {Kaiming He and Jian Sun},
  title     = {Fast guided filter},
  journal   = {CoRR},
  volume    = {abs/1505.00996},
  year      = {2015},
}

@article{Li2013,
author={Yanjie Li and Tianfan Xue and Lifeng Sun and Jianzhuang Liu},
journal={ICME},
title={Joint example-based depth map super-resolution},
year={2012},
}

@article{Kiechle2013,
  author = {Kiechle, Martin and Hawe, Simon and Kleinsteuber, Martin},
  journal = {ICCV},
  title = {A joint intensity and depth co-sparse analysis model for depth map super-resolution},
  year = 2013
}

@article{Kwon2015,
author = {Kwon, HyeokHyen and Tai, Yu-Wing and Lin, Stephen},
title = {Data-driven depth map refinement via multi-scale sparse representation},
journal = {CVPR},
year = {2015}
}

@article{ferstl2013b,
author = {David Ferstl and Christian Reinbacher and Rene Ranftl and Matthias Ruether and Horst Bischof},
title = {Image guided depth upsampling using anisotropic total generalized variation},
journal = {ICCV},
year = {2013},
}

@article{Park2011,
author = {Jaesik Park and Hyeongwoo Kim and  Yu-Wing Tai and Michael S. Brown and Inso Kweon},
title = {High quality depth map upsampling for 3D-TOF cameras},
journal ={ICCV},
year = {2011},
}

@article{chan2008,
  TITLE = {A noise-aware filter for real-time depth upsampling},
  AUTHOR = {Chan, Derek and Buisman, Hylke and Theobalt, Christian and Thrun, Sebastian},
  JOURNAL = {ECCV Workshops},
  ADDRESS = {Marseille, France},
  YEAR = {2008},
}

@article{Diebel05b,
  AUTHOR  = {J. Diebel and S. Thrun },
  TITLE   = {An application of markov random fields to range sensing},
  YEAR    = {2005},
  JOURNAL = {NIPS},
}

@article{He2010,
 author = {He, Kaiming and Sun, Jian and Tang, Xiaoou},
 title = {Guided image filtering},
 journal = {ECCV},
 year = {2010},
}

@article{Adams2010,
    author = {Andrew Adams and Jongmin Baek and Myers Abraham Davis},
    title = {Fast high-dimensional filtering using the permutohedral lattice},
    journal = {Eurographics},
    year = {2010},
}

@article{Kopf2007,
 author = {Kopf, Johannes and Cohen, Michael F. and Lischinski, Dani and Uyttendaele, Matt},
 title = {Joint bilateral upsampling},
 journal = {SIGGRAPH},
 year = {2007},
}

@article{Chen2007,
 author = {Chen, Jiawen and Paris, Sylvain and Durand, Fr{\'e}do},
 title = {Real-time edge-aware image processing with the bilateral grid},
 journal = {SIGGRAPH},
 year = {2007},
}

@article{Gastal2011,
  author    = {Eduardo S. L. Gastal and Manuel M. Oliveira},
  title     = {Domain transform for edge-aware image and video processing},
  journal   = {SIGGRAPH},
  year      = {2011},
}

@article{Huang2015,
 author = {Huang, Fu-Chung and Chen, Kevin and Wetzstein, Gordon},
 title = {The light field stereoscope: immersive computer graphics via factored near-eye light field displays with focus cues},
 journal = {ACM Transactions on Graphics (TOG)},
 year = {2015},
 issn = {0730-0301},
 acmid = {2766922},
 publisher = {ACM},
 address = {New York, NY, USA},
 keywords = {computational displays, focus cues, light fields},
}

@article{deeplens,
  title={DeepLens: Towards a Visual Data Management System},
  author={Sanjay Krishnan and Adam Dziedzic and Aaron J. Elmore},
  journal={CIDR},
  year={2018}
}

@inproceedings{leng2018semantic,
  title={Semantic-Aware Virtual Reality Video Streaming},
  author={Leng, Yue and Chen, Chi-Chun and Sun, Qiuyue and Huang, Jian and Zhu, Yuhao},
  booktitle={Proceedings of the 9th Asia-Pacific Workshop on Systems},
  pages={21},
  year={2018},
  organization={ACM}
}

@inproceedings{leng2019vrv,
  title={Energy-Efficient Video Processing for Virtual Reality},
  author={Yue Leng and Chi-chun Chen and Qiuyue Sun and Jian Huang and Yuhao Zhu
},
  booktitle={ISCA},
  year={2019},
  organization={ACM}
}
@article{Simonyan2013DeepIC,
  title={Deep Inside Convolutional Networks: Visualising Image Classification Models and Saliency Maps},
  author={Karen Simonyan and Andrea Vedaldi and Andrew Zisserman},
  journal={ICLR WOrkshop},
  year={2013},
}

@inproceedings{Zeiler2014VisualizingAU,
  title={Visualizing and Understanding Convolutional Networks},
  author={Matthew D. Zeiler and Rob Fergus},
  booktitle={ECCV},
  year={2014}
}
@article{Zintgraf2017VisualizingDN,
  title={Visualizing Deep Neural Network Decisions: Prediction Difference Analysis},
  author={Luisa M. Zintgraf and Taco Cohen and Tameem Adel and Max Welling},
  journal={ICLR},
  year={2017}
}
@article{borkin2013makes,
  title={What makes a visualization memorable?},
  author={Borkin, Michelle A and Vo, Azalea A and Bylinskii, Zoya and Isola, Phillip and Sunkavalli, Shashank and Oliva, Aude and Pfister, Hanspeter},
  journal={IEEE Transactions on Visualization and Computer Graphics},
  volume={19},
  number={12},
  pages={2306--2315},
  year={2013},
  publisher={IEEE}
}
@inproceedings{Bylinskii:2017:LVI:3126594.3126653,
 author = {Bylinskii, Zoya and Kim, Nam Wook and O'Donovan, Peter and Alsheikh, Sami and Madan, Spandan and Pfister, Hanspeter and Durand, Fredo and Russell, Bryan and Hertzmann, Aaron},
 title = {Learning Visual Importance for Graphic Designs and Data Visualizations},
 booktitle = {Proceedings of the 30th Annual ACM Symposium on User Interface Software and Technology},
 series = {UIST '17},
 year = {2017},
 isbn = {978-1-4503-4981-9},
 location = {Qu\&\#233;bec City, QC, Canada},
 pages = {57--69},
 numpages = {13},
 url = {http://doi.acm.org/10.1145/3126594.3126653},
 doi = {10.1145/3126594.3126653},
 acmid = {3126653},
 publisher = {ACM},
 address = {New York, NY, USA},
 keywords = {computer vision, deep learning, eye tracking, graphic design, machine learning, retargeting, saliency, visualization},
}

@article{stanley2018perceived,
  title={Perceived-Color Approximation Transforms for Programs that Draw},
  author={Stanley-Marbell, Phillip and Rinard, Martin},
  journal={IEEE Micro},
  volume={38},
  number={4},
  pages={20--29},
  year={2018},
  publisher={IEEE}
}

@ARTICLE{8054698,
author={T. {Moreau} and J. {San Miguel} and M. {Wyse} and J. {Bornholt} and A. {Alaghi} and L. {Ceze} and N. {Enright Jerger} and A. {Sampson}},
journal={IEEE Embedded Systems Letters},
title={A Taxonomy of General Purpose Approximate Computing Techniques},
year={2018},
volume={10},
number={1},
pages={2-5},
keywords={computation theory;systems analysis;energy efficiency;general purpose approximate computing;accuracy-efficiency tradeoffs;correctability;reproducibility;Taxonomy;Random access memory;Approximate computing;Synchronization;Testing;Measurement uncertainty;Computer architecture;Approximate computing;computer architecture},
doi={10.1109/LES.2017.2758679},
ISSN={1943-0663},
month={March},}

@inproceedings{xu2018videochef,
  title={Videochef: efficient approximation for streaming video processing pipelines},
  author={Xu, Ran and Koo, Jinkyu and Kumar, Rakesh and Bai, Peter and Mitra, Subrata and Misailovic, Sasa and Bagchi, Saurabh},
  booktitle={{USENIX} {ATC}},
  pages={43--56},
  year={2018}
}
@INPROCEEDINGS{8342234,
author={V. T. {Lee} and A. {Alaghi} and L. {Ceze}},
booktitle={2018 Design, Automation Test in Europe Conference Exhibition (DATE)},
title={Correlation manipulating circuits for stochastic computing},
year={2018},
volume={},
number={},
pages={1417-1422},
keywords={adders;circuit CAD;logic design;low-power electronics;stochastic processes;stochastic computing;error tolerant solutions;unary bitstreams;SC arithmetic circuits;input bitstreams;SC accelerators;SC operations;SC computation;SC maximum;saturating adder designs;correlation manipulating circuits;correlation manipulation techniques;Correlation;Synchronization;Adders;Decorrelation;Pipelines;Image coding;Stochastic computing;correlation manipulation},
doi={10.23919/DATE.2018.8342234},
ISSN={1558-1101},
month={March},}
@inproceedings{Guo:2016:HIS:2872362.2872413,
 author = {Guo, Qing and Strauss, Karin and Ceze, Luis and Malvar, Henrique S.},
 title = {High-Density Image Storage Using Approximate Memory Cells},
 booktitle = {Proceedings of the Twenty-First International Conference on Architectural Support for Programming Languages and Operating Systems},
 series = {ASPLOS '16},
 year = {2016},
 isbn = {978-1-4503-4091-5},
 location = {Atlanta, Georgia, USA},
 pages = {413--426},
 numpages = {14},
 url = {http://doi.acm.org/10.1145/2872362.2872413},
 doi = {10.1145/2872362.2872413},
 acmid = {2872413},
 publisher = {ACM},
 address = {New York, NY, USA},
 keywords = {approximate storage, image encoding, multi-level cells},
}

@INPROCEEDINGS{6560729,
author={A. {Alaghi} and {Cheng Li} and J. P. {Hayes}},
booktitle={2013 50th ACM/EDAC/IEEE Design Automation Conference (DAC)},
title={Stochastic circuits for real-time image-processing applications},
year={2013},
volume={},
number={},
pages={1-6},
keywords={feature extraction;image processing;image sensors;network synthesis;stochastic processes;stochastic circuits;real-time image-processing;retinal implants;vision restoration;feature extraction;image-processing circuits design;stochastic computing techniques;image sensors;stochastic designs;Image edge detection;Radiation detectors;Noise;Real-time systems;Tin;Clocks;Emerging Technologies;Image Processing;Real-Time Computing;Stochastic Computing;Vision Chips},
doi={10.1145/2463209.2488901},
ISSN={0738-100X},
month={May},}

@inproceedings{sampson2011enerj,
  title={EnerJ: Approximate data types for safe and general low-power computation},
  author={Sampson, Adrian and Dietl, Werner and Fortuna, Emily and Gnanapragasam, Danushen and Ceze, Luis and Grossman, Dan},
  booktitle={ACM SIGPLAN Notices},
  volume={46},
  number={6},
  pages={164--174},
  year={2011},
  organization={ACM}
}

@inproceedings{buckler2018eva2,
  title={EVA$^2$: Exploiting Temporal Redundancy in Live Computer Vision},
  author={Buckler, Mark and Bedoukian, Philip and Jayasuriya, Suren and Sampson, Adrian},
  booktitle={2018 ACM/IEEE 45th Annual International Symposium on Computer Architecture (ISCA)},
  pages={533--546},
  year={2018},
  organization={IEEE}
}

@inproceedings{Yan:2017:TMP:3123266.3123344,
 author = {Yan, Zhisheng and Chen, Chang Wen},
 title = {Too Many Pixels to Perceive: Subpixel Shutoff for Display Energy Reduction on OLED Smartphones},
 booktitle = {Proceedings of the 25th ACM International Conference on Multimedia},
 series = {MM '17},
 year = {2017},
 isbn = {978-1-4503-4906-2},
 location = {Mountain View, California, USA},
 pages = {717--725},
 numpages = {9},
 url = {http://doi.acm.org/10.1145/3123266.3123344},
 doi = {10.1145/3123266.3123344},
 acmid = {3123344},
 publisher = {ACM},
 address = {New York, NY, USA},
 keywords = {energy reduction, oled display, smartphones},
}

@inproceedings{esmaeilzadeh2011dark,
  title={Dark silicon and the end of multicore scaling},
  author={Esmaeilzadeh, Hadi and Blem, Emily and Amant, Renee St and Sankaralingam, Karthikeyan and Burger, Doug},
  booktitle={2011 38th Annual international symposium on computer architecture (ISCA)},
  pages={365--376},
  year={2011},
  organization={IEEE}
}

@inproceedings{hauswald2014hybrid,
  title={A hybrid approach to offloading mobile image classification},
  author={Hauswald, Johann and Manville, Thomas and Zheng, Qi and Dreslinski, Ronald and Chakrabarti, Chaitali and Mudge, Trevor},
  booktitle={Acoustics, Speech and Signal Processing (ICASSP), 2014 IEEE International Conference on},
  pages={8375--8379},
  year={2014},
  organization={IEEE}
}

@book{weste_harris,
 author = {Weste, Neil and Harris, David},
 title = {CMOS VLSI Design: A Circuits and Systems Perspective},
 year = {2010},
 isbn = {0321547748, 9780321547743},
 edition = {4th},
 publisher = {Addison-Wesley Publishing Company},
 address = {USA},
}

@techreport{amos2016openface,
  title={OpenFace: A general-purpose face recognition
    library with mobile applications},
  author={Amos, Brandon and Bartosz Ludwiczuk and Satyanarayanan, Mahadev},
  year={2016},
  institution={CMU-CS-16-118, CMU School of Computer Science},
}

@inproceedings{bong20170,
  title={A 0.62 mW ultra-low-power convolutional-neural-network face-recognition processor and a CIS integrated with always-on haar-like face detector},
  author={Bong, Kyeongryeol and Choi, Sungpill and Kim, Changhyeon and Kang, Sanghoon and Kim, Youchang and Yoo, Hoi-Jun},
  booktitle={Solid-State Circuits Conference (ISSCC), 2017 IEEE International},
  pages={248--249},
  year={2017},
  organization={IEEE}
}

@misc{lecun_fb,
author = {LeCun, Yann},
title = {Facebook},
year = {2015},
month={March},
note={\url{https://www.facebook.com/yann.lecun/posts/10152695097142143?comment_id=10152700549642143}. Accessed: 2017-06-06}
}

@INPROCEEDINGS{face_auth,
author={M. Bicego and A. Lagorio and E. Grosso and M. Tistarelli},
booktitle={2006 Conference on Computer Vision and Pattern Recognition Workshop (CVPRW'06)},
title={On the Use of SIFT Features for Face Authentication},
year={2006},
keywords={Authentication;Biometrics;Face detection;Face recognition;Image analysis;Image databases;Independent component analysis;Object recognition;Pattern recognition;Testing},
doi={10.1109/CVPRW.2006.149},
ISSN={2160-7508},
month={June},}

@ARTICLE{verma_sram,
author={Verma, N. and Chandrakasan, A.P.},
journal={Solid-State Circuits, IEEE Journal of},
title={A 256 kb 65 nm 8T Subthreshold SRAM Employing Sense-Amplifier Redundancy},
year={2008},
volume={43},
number={1},
keywords={CMOS integrated circuits;SRAM chips;amplifiers;CMOS;bit-cell supply voltage;energy constrained applications;plaguing area-offset tradeoff;power 2.2 muW;read functionality;sense-amplifier redundancy;size 65 nm;storage capacity 256 Kbit;subthreshold SRAM;voltage 350 mV;write functionality;Leakage current;Logic arrays;Logic devices;Low voltage;MOSFET circuits;Random access memory;Redundancy;Stability;Threshold voltage;Voltage control;CMOS memory circuits;Cache memories;SRAM chips;leakage currents;low-power electronics;redundancy},
doi={10.1109/JSSC.2007.908005},
ISSN={0018-9200},
month={Jan},}

@TechReport{LFWTech,
  author =       {Gary B. Huang and Manu Ramesh and Tamara Berg and
                  Erik Learned-Miller},
  title =        {Labeled Faces in the Wild: A Database for Studying
                  Face Recognition in Unconstrained Environments},
  institution =  {University of Massachusetts, Amherst},
  year =         2007,
  number =       {07-49},
  month =        {October}}


@inproceedings{attfaces,
  title={Parameterisation of a stochastic model for human face identification},
  author={Samaria, Ferdinando S and Harter, Andy C},
  booktitle={Applications of Computer Vision, 1994., Proceedings of the Second IEEE Workshop on},
  year={1994},
  organization={IEEE}
}


@INPROCEEDINGS{makemoresamples,
author={A. M. Martinez},
booktitle={Computer Vision and Pattern Recognition, 2003. Proceedings. 2003 IEEE Computer Society Conference on},
title={Recognizing expression variant faces from a single sample image per class},
year={2003},
volume={1},
doi={10.1109/CVPR.2003.1211375},
ISSN={1063-6919},
month={June},}

@ARTICLE{lowvoltage09,
author={S. Hanson and M. Seok and Y. S. Lin and Z. Foo and D. Kim and Y. Lee and N. Liu and D. Sylvester and D. Blaauw},
journal={IEEE Journal of Solid-State Circuits},
title={A Low-Voltage Processor for Sensing Applications With Picowatt Standby Mode},
year={2009},
volume={44},
number={4},
doi={10.1109/JSSC.2009.2014205},
ISSN={0018-9200},
month={April},}

@article{temp_uarch,
 author = {Skadron, Kevin and Stan, Mircea R. and Sankaranarayanan, Karthik and Huang, Wei and Velusamy, Sivakumar and Tarjan, David},
 title = {Temperature-aware Microarchitecture: Modeling and Implementation},
 journal = {ACM Trans. Archit. Code Optim.},
 issue_date = {March 2004},
 volume = {1},
 number = {1},
 month = mar,
 year = {2004},
 issn = {1544-3566},
 doi = {10.1145/980152.980157},
 acmid = {980157},
 publisher = {ACM},
 address = {New York, NY, USA},
 keywords = {Dynamic compact thermal models, dynamic thermal management, dynamic voltage scaling, feedback control, fetch gating},
}


@ARTICLE{qazi_sram,
author={Qazi, M. and Sinangil, M.E. and Chandrakasan, A.P.},
journal={Design Test of Computers, IEEE},
title={Challenges and Directions for Low-Voltage SRAM},
year={2011},
volume={28},
number={1},
keywords={CMOS memory circuits;SRAM chips;low-power electronics;bit cell;low supply voltage;low-voltage SRAM;read-write assist circuit;transistor threshold voltage;ultra-low-power battery-operated system;CMOS memory circuits;SRAM;cache memories;design and test;embedded memory;low-power electronics;low-voltage electronics;random-access storage},
doi={10.1109/MDT.2010.115},
ISSN={0740-7475},
month={Jan},}

@incollection{mathias_fd,
year={2014},
isbn={978-3-319-10592-5},
booktitle={ECCV 2014},
doi={10.1007/978-3-319-10593-2_47},
title={Face Detection without Bells and Whistles},
author={Mathias, Markus and Benenson, Rodrigo and Pedersoli, Marco and Van Gool, Luc},
language={English}
}

@TechReport{fann,
author = {S. Nissen},
title = {Implementation of a Fast Artificial Neural Network Library (fann)},
institution = {Department of Computer Science University of Copenhagen (DIKU)},
year = {2003},
note = {http://fann.sf.net},
}

@MISC{adaboost,
    author = {Yoav Freund and Robert E. Schapire},
    title = {A Decision-Theoretic Generalization of on-Line Learning and an Application to Boosting},
    year = {1997}
}


@inproceedings{dino,
 author = {Lucia, Brandon and Ransford, Benjamin},
 title = {A Simpler, Safer Programming and Execution Model for Intermittent Systems},
 booktitle = {Proceedings of the 36th ACM SIGPLAN Conference on Programming Language Design and Implementation},
 series = {PLDI 2015},
 year = {2015},
 isbn = {978-1-4503-3468-6},
 location = {Portland, OR, USA},
 doi = {10.1145/2737924.2737978},
 acmid = {2737978},
 publisher = {ACM},
 address = {New York, NY, USA},
 keywords = {Intermittent Computing},
}


@inproceedings{mitcmu,
  title={A statistical method for 3D object detection applied to faces and cars},
  author={Schneiderman, Henry and Kanade, Takeo},
  booktitle={Computer Vision and Pattern Recognition, 2000. Proceedings. IEEE Conference on},
  volume={1},
  year={2000},
  organization={IEEE}
}

@article{opencv,
    author = {Bradski, G.},
    citeulike-article-id = {2236121},
    journal = {Dr. Dobb's Journal of Software Tools},
    keywords = {bibtex-import},
    posted-at = {2008-01-15 19:21:54},
    priority = {4},
    title = {The OpenCV Library},
    year = {2000}
}



@Article{ecog,
   Author="Kipke, D. R.  and Shain, W.  and Buzsaki, G.  and Fetz, E.  and Henderson, J. M.  and Hetke, J. F.  and Schalk, G. ",
   Title="{{A}dvanced neurotechnologies for chronic neural interfaces: new horizons and clinical opportunities}",
   Journal="J. Neurosci.",
   Year="2008",
   Volume="28",
   Number="46",
   Month="Nov"
}


@incollection{nn_fpga,
year={2003},
isbn={978-3-540-40822-2},
booktitle={Field Programmable Logic and Application},
volume={2778},
series={Lecture Notes in Computer Science},
editor={Y. K. Cheung, Peter and Constantinides, GeorgeA.},
title={FPGA Implementations of Neural Networks – A Survey of a Decade of Progress},
publisher={Springer Berlin Heidelberg},
author={Zhu, Jihan and Sutton, Peter},
language={English}
}

@INPROCEEDINGS{nsp_iscas,
author={Esmaeilzadeh, H. and Saeedi, P. and Araabi, B.N. and Lucas, C. and Sied Mehdi Fakhraie},
booktitle={Circuits and Systems, 2006. ISCAS 2006. Proceedings. 2006 IEEE International Symposium on},
title={Neural network stream processing core (NnSP) for embedded systems},
year={2006},
keywords={DRAM chips;embedded systems;microprocessor chips;neural nets;parallel architectures;reconfigurable architectures;0.18 micron;NnSP processor;code-level statically reconfigurable processor;embedded systems;hardware core builder;neural network stream processing;neural-network-to-stream compiler;parallel architectures;parallel processors;Artificial neural networks;Cellular neural networks;Computer architecture;Computer networks;Distributed power generation;Embedded computing;Embedded system;Engines;Neural networks;VLIW},
doi={10.1109/ISCAS.2006.1693199},
month={May},}


@INPROCEEDINGS{pdi_nn,
author={Przytula, K.W.},
booktitle={Application Specific Array Processors, 1991. Proceedings of the International Conference on},
title={Parallel digital implementations of neural networks},
year={1991},
pages={162-176},
keywords={artificial intelligence;neural nets;parallel architectures;computational characteristics;connectionist neural networks models;mapping methodologies;neural networks;parallel digital implementation;performance;Artificial neural networks;Biological system modeling;Computer networks;Fasteners;Laboratories;Multi-layer neural network;Neural networks;Neurons;Parallel processing;Throughput},
doi={10.1109/ASAP.1991.238886},
month={Sep},}



@INPROCEEDINGS{deepface,
author={Taigman, Y. and Ming Yang and Ranzato, M. and Wolf, L.},
booktitle={Computer Vision and Pattern Recognition (CVPR), 2014 IEEE Conference on},
title={DeepFace: Closing the Gap to Human-Level Performance in Face Verification},
year={2014},
keywords={face recognition;image representation;neural nets;3D face modeling;DeepFace;LFW dataset;alignment step;deep neural network;face recognition;face representation;face verification;human-level performance;labeled faces in the wild;piecewise affine transformation;representation step;Agriculture;Face;Face recognition;Shape;Solid modeling;Three-dimensional displays;Training},
doi={10.1109/CVPR.2014.220},
month={June},}

@INPROCEEDINGS{farabet2010,
author={Farabet, C. and Martini, B. and Akselrod, P. and Talay, S. and LeCun, Y. and Culurciello, E.},
booktitle={Circuits and Systems (ISCAS), Proceedings of 2010 IEEE International Symposium on},
title={Hardware accelerated convolutional neural networks for synthetic vision systems},
year={2010},
pages={257-260},
keywords={application specific integrated circuits;computer vision;field programmable gate arrays;image recognition;image segmentation;neural nets;ASIC;FPGA;convolutional neural network;megapixel image;real time detection;real time recognition;real time segmentation;scalable hardware architecture;state-of-the-art multilayered artificial vision system;vision engine;Acceleration;Artificial neural networks;Computer architecture;Engines;Large-scale systems;Machine vision;Multi-layer neural network;Neural network hardware;Neural networks;Real time systems},
doi={10.1109/ISCAS.2010.5537908},
month={May},}


@INPROCEEDINGS{2d_cnn,
author={Dawwd, S.A.},
booktitle={Electronics, Circuits, and Systems (ICECS), 2013 IEEE 20th International Conference on},
title={The multi 2D systolic design and implementation of Convolutional Neural Networks},
year={2013},
pages={221-224},
keywords={convolution;image resolution;neural net architecture;parallel processing;FIFO caching scheme;FPGA resources;convolution process;convolutional layers;image processing;interprocessing patterns;memory accesses;memory bandwidth;multi2D systolic design;parallelism level;scalable SCoNN architecture;scaled resolutions;sliding window architecture;systolic convolutional neural network architecture;systolic technique;Arrays;Convolution;Feature extraction;Hardware;Random access memory;Training},
doi={10.1109/ICECS.2013.6815394},
month={Dec},}


@article{lawrence1997face,
  title={Face recognition: A convolutional neural-network approach},
  author={Lawrence, Steve and Giles, C Lee and Tsoi, Ah Chung and Back, Andrew D},
  journal={Neural Networks, IEEE Transactions on},
  volume={8},
  number={1},
  pages={98--113},
  year={1997},
  publisher={IEEE}
}

@article{feraund2001fast,
  title={A fast and accurate face detector based on neural networks},
  author={Feraund, R and Bernier, Olivier J and Viallet, Jean-Emmanuel and Collobert, Michel},
  journal={Pattern Analysis and Machine Intelligence, IEEE Transactions on},
  volume={23},
  number={1},
  pages={42--53},
  year={2001},
  publisher={IEEE}
}


@article{garcia2004convolutional,
  title={Convolutional face finder: A neural architecture for fast and robust face detection},
  author={Garcia, Christophe and Delakis, Manolis},
  journal={Pattern Analysis and Machine Intelligence, IEEE Transactions on},
  volume={26},
  number={11},
  pages={1408--1423},
  year={2004},
  publisher={IEEE}
}

@article{adams2010frankencamera,
  title={The Frankencamera: an experimental platform for computational photography},
  author={Adams, Andrew and Talvala, Eino-Ville and Park, Sung Hee and Jacobs, David E and Ajdin, Boris and Gelfand, Natasha and Dolson, Jennifer and Vaquero, Daniel and Baek, Jongmin and Tico, Marius and others},
  journal={ACM Transactions on Graphics (TOG)},
  volume={29},
  number={4},
  pages={29},
  year={2010},
  publisher={ACM}
}

@inproceedings{shidiannao,
    address = {New York, NY, USA},
    series = {{ISCA} '15},
    title = {{ShiDianNao}: {Shifting} {Vision} {Processing} {Closer} to the {Sensor}},
    isbn = {978-1-4503-3402-0},
    shorttitle = {{ShiDianNao}},
    doi = {10.1145/2749469.2750389},
    urldate = {2015-09-29},
    booktitle = {Proceedings of the 42Nd {Annual} {International} {Symposium} on {Computer} {Architecture}},
    publisher = {ACM},
    author = {Du, Zidong and Fasthuber, Robert and Chen, Tianshi and Ienne, Paolo and Li, Ling and Luo, Tao and Feng, Xiaobing and Chen, Yunji and Temam, Olivier},
    year = {2015},
    pages = {92--104},
    file = {ACM Full Text PDF:/Users/amrita/Library/Application Support/Zotero/Profiles/pdlkt79v.default/zotero/storage/TXI9S3U3/Du et al. - 2015 - ShiDianNao Shifting Vision Processing Closer to t.pdf:application/pdf}
}

@inproceedings{redeye,
author = {LiKamWa, Robert and Hou, Yunhui and Gao, Julian and Polansky, Mia and Zhong, Lin},
title = {RedEye: Analog ConvNet Image Sensor Architecture for Continuous Mobile Vision},
booktitle = {Proceedings of the 43nd Annual International Symposium on Computer Architecture (ISCA)},
year = {2016},
location = {Seoul, Korea},
publisher = {ACM},
address = {New York, NY, USA}
}

@inproceedings{eyeriss,
    author      = {{Chen, Yu-Hsin and Krishna, Tushar and Emer, Joel and Sze, Vivienne}},
    title       = {{Eyeriss: An Energy-Efficient Reconfigurable Accelerator for Deep Convolutional Neural Networks}},
    booktitle   = {{IEEE International Solid-State Circuits Conference, ISSCC 2016, Digest of Technical Papers}},
    year        = {{2016}},
    pages       = {{262-263}},
}

@inproceedings{minerva,
title = {Minerva: Enabling Low-Power, Highly-Accurate Deep Neural Network Accelerators},
author = {Brandon Reagen and Paul Whatmough and Robert Adolf and Saketh Rama and Hyunkwang Lee and Sae Kyu Lee and José Miguel Hernández-Lobato and Gu-Yeon Wei and David Brooks},
url = {http://vlsiarch.eecs.harvard.edu/wp-content/uploads/2016/05/reagen_isca16.pdf},
year = {2016},
date = {2016-06-18},
booktitle = {International Symposium on Computer Architecture (ISCA)},
abstract = {The continued success of Deep Neural Networks (DNNs) in classification tasks has sparked a trend of accelerating their execution with specialized hardware. While published designs easily give an order of magnitude improvement over general-purpose hardware, few look beyond an initial implementation. This paper presents Minerva, a highly automated co-design approach across the algorithm, architecture, and circuit levels to optimize DNN hardware accelerators. Compared to an established fixed-point accelerator baseline, we show that fine-grained, heterogeneous datatype optimization reduces power by 1.5×; aggressive, inline predication and pruning of small activity values further reduces power by 2.0×; and active hardware fault detection coupled with domain-aware error mitigation eliminates an additional 2.7× through lowering SRAM voltages. Across five datasets, these optimizations provide a collective average of 8.1× power reduction over an accelerator baseline without compromising DNN model accuracy. Minerva enables highly accurate, ultra-low power DNN accelerators (in the range of tens of milliwatts), making it feasible to deploy DNNs in power-constrained IoT and mobile devices.},
keywords = {}
}


@article{eie,
  author    = {Song Han and
               Xingyu Liu and
               Huizi Mao and
               Jing Pu and
               Ardavan Pedram and
               Mark A. Horowitz and
               William J. Dally},
  title     = {{EIE:} Efficient Inference Engine on Compressed Deep Neural Network},
  journal   = {CoRR},
  volume    = {abs/1602.01528},
  year      = {2016},
  url       = {http://arxiv.org/abs/1602.01528},
  timestamp = {Tue, 01 Mar 2016 17:47:25 +0100},
  biburl    = {http://dblp.uni-trier.de/rec/bib/journals/corr/HanLMPPHD16},
  bibsource = {dblp computer science bibliography, http://dblp.org}
}

@INPROCEEDINGS{iot-sensor,
author={J. Choi and J. Shin and D. Kang and D. S. Park},
booktitle={2015 IEEE International Solid-State Circuits Conference - (ISSCC) Digest of Technical Papers},
title={6.3 A 45.5 #x03BC;W 15fps always-on CMOS image sensor for mobile and wearable devices},
year={2015},
pages={1-3},
keywords={CMOS image sensors;intelligent sensors;low-power electronics;mobile computing;user interfaces;CMOS image sensor;always-on CIS;device control;high-resolution sensors;image degradation;in-pixel circuits;mobile devices;power 45.5 muW;power consumption;smart sensing;user interface;wearable devices;CMOS image sensors;Electronics packaging;Intelligent sensors;Power demand;Transistors;Voltage control},
doi={10.1109/ISSCC.2015.7062952},
ISSN={0193-6530},
month={Feb},}

@INPROCEEDINGS{stoch-edge-sensor14,
author={D. Fick and G. Kim and A. Wang and D. Blaauw and D. Sylvester},
booktitle={Proceedings of the IEEE 2014 Custom Integrated Circuits Conference},
title={Mixed-signal stochastic computation demonstrated in an image sensor with integrated 2D edge detection and noise filtering},
year={2014},
pages={1-4},
keywords={analogue-digital conversion;edge detection;image sensors;interference suppression;2D edge detection;ADC;MSSC;data conversion;image sensor;latency-free edge detection;mixed-signal stochastic computing;noise filtering;signal path;Arrays;Filtering;Image edge detection;Image sensors;Noise;Radiation detectors;Transistors;Stochastic computing;edge detection;image sensor;integrated computation;mixed-signal;noise filtering;sensors},
doi={10.1109/CICC.2014.6946130},
ISSN={0886-5930},
month={Sept},}

@ARTICLE{edge-sensor15,
author={C. Lee and W. Chao and S. Lee and J. Hone and A. Molnar and S. H. Hong},
journal={IEEE Transactions on Circuits and Systems II: Express Briefs},
title={A Low-Power Edge Detection Image Sensor Based on Parallel Digital Pulse Computation},
year={2015},
volume={62},
number={11},
pages={1043-1047},
keywords={CMOS image sensors;adaptive optics;digital signal processing chips;edge detection;low-power electronics;oscillators;sensor arrays;voltage control;CMOS image sensor process;active optical area;all-digital low-power CMOS edge detection image sensor array;all-digital parallel processing algorithm;arithmetic computations;column-shared frequency comparator;cost-efficient digital-only edge detection method;low-power edge detection image sensor;parallel digital pulse computation;picture size 105 pixel;picture size 92 pixel;power 27.7 nW;power 8 mW;size 1 mm;size 1.3 mm;size 180 nm;size 8 mum;voltage 1.6 V;voltage-controlled ring oscillator;Arrays;Circuits and systems;Hardware;Image edge detection;Image sensors;Noise;Signal processing algorithms;CMOS image sensor;edge detection;pulse computation;voltage controlled ring oscillator;voltage-controlled ring oscillator (VCRO)},
doi={10.1109/TCSII.2015.2455354},
ISSN={1549-7747},
month={Nov},}

@INPROCEEDINGS{edge-isscc01,
author={Y. Muramatsu and S. Kurosawa and M. Furumiya and H. Ohkubo and Y. Nakashiba},
booktitle={Solid-State Circuits Conference, 2001. Digest of Technical Papers. ISSCC. 2001 IEEE International},
title={A signal-processing CMOS image sensor using a simple analog operation},
year={2001},
pages={98-99},
keywords={CMOS analogue integrated circuits;CMOS image sensors;analogue processing circuits;edge detection;analog operation;column-parallel on-chip analog operation;edge-extraction mode;four-transistor pixel scheme;motion-detection mode;real-time operation;signal-processing CMOS image sensor;wide dynamic-range mode;CMOS image sensors;Capacitors;Circuits;Dynamic range;Energy consumption;Motion detection;Noise level;Photodiodes;Power supplies;Timing},
doi={10.1109/ISSCC.2001.912563},
ISSN={0193-6530},
month={Feb},}

@INPROCEEDINGS{cmos-edge01,
author={M. Tabet and R. Hornsey},
booktitle={Electrical and Computer Engineering, 2001. Canadian Conference on},
title={CMOS image sensor camera with focal plane edge detection},
year={2001},
volume={2},
pages={1129-1133 vol.2},
keywords={CMOS digital integrated circuits;CMOS image sensors;VLSI;cameras;digital signal processing chips;edge detection;image sampling;motion estimation;0.5 micron;3.3 V;4096 pixel;64 pixel;APS technology;CDS;CMOS image sensor camera;CMOS process;VLSI implementation;active pixel sensor;architecture;captured image;continuous mode;correlated double sampling;dual mode of operation;fill factor;focal plane edge detection;image quality;integrated functionalities;integrating mode;linear mode;logarithmic mode;motion detection;sampled differentiation;sampled-method edge detection;temporal differentiation;wide optical dynamic range;CMOS image sensors;Cameras;Image edge detection;Image sampling;Image sensors;Noise robustness;Optical arrays;Optical sensors;Sensor arrays;Very large scale integration},
doi={10.1109/CCECE.2001.933600},
ISSN={0840-7789},
month={},}

@ARTICLE{conv-sens09,
author={A. Nilchi and J. Aziz and R. Genov},
journal={IEEE Journal of Solid-State Circuits},
title={Focal-Plane Algorithmically-Multiplying CMOS Computational Image Sensor},
year={2009},
volume={44},
number={6},
pages={1829-1839},
keywords={CMOS image sensors;data compression;discrete wavelet transforms;quantisation (signal);switched capacitor networks;video coding;2D convolution;CMOS computational image sensor;binary-analog multiplication;binary-weighted summation;column-parallel multiplying analog-to-digital converters;concurrent quantization;cross-pixel column-parallel bit-level accumulation;discrete wavelet transform;frame differencing;programmable digital kernel;switched-capacitor integrators;video compression;video frames;CMOS image sensors;CMOS technology;Concurrent computing;Convolution;Discrete wavelet transforms;Image sensors;Kernel;Pixel;Quantization;Sampling methods;Block-matrix image transform;CMOS image sensor;focal-plane image processing;multiplying algorithmic ADC},
doi={10.1109/JSSC.2009.2016693},
ISSN={0018-9200},
month={June},}

@ARTICLE{conv-sens13,
author={W. Jendernalik and G. Blakiewicz and J. Jakusz and S. Szczepanski and R. Piotrowski},
journal={IEEE Transactions on Circuits and Systems I: Regular Papers},
title={An Analog Sub-Miliwatt CMOS Image Sensor With Pixel-Level Convolution Processing},
year={2013},
volume={60},
number={2},
pages={279-289},
keywords={CMOS analogue integrated circuits;CMOS image sensors;capacitors;convolution;field effect transistor switches;image processing;integrated circuit design;low-power electronics;matrix algebra;parallel processing;photodiodes;APE;MOS switches;SIMD matrix;analog processing element;analog submiliwatt CMOS image sensor;capacitors;convolution algorithm;image processing speed;low-level image processing algorithms;photodiode;pixel-level convolution processing;proof-of-concept circuit;ultra-low power medium-resolution vision chip design;Capacitance;Capacitors;Convolution;Power demand;Switches;Transistors;Analog processor array;CMOS vision sensor;low power image processing;vision chip},
doi={10.1109/TCSI.2012.2215803},
ISSN={1549-8328},
month={Feb},}

@InProceedings{Chen_2016_ASPVision,
author = {Chen, Huaijin G. and Jayasuriya, Suren and Yang, Jiyue and Stephen, Judy and Sivaramakrishnan, Sriram and Veeraraghavan, Ashok and Molnar, Alyosha},
title = {ASP Vision: Optically Computing the First Layer of Convolutional Neural Networks Using Angle Sensitive Pixels},
booktitle = {The IEEE Conference on Computer Vision and Pattern Recognition (CVPR)},
month = {June},
year = {2016}
}

@INPROCEEDINGS{multipower-isscc13,
author={J. Choi and S. Park and J. Cho and E. Yoon},
booktitle={2013 IEEE International Solid-State Circuits Conference Digest of Technical Papers},
title={A 3.4 µW CMOS image sensor with embedded feature-extraction algorithm for motion-triggered object-of-interest imaging},
year={2013},
pages={478-479},
keywords={CMOS image sensors;feature extraction;CMOS image sensor;background movement;distributed sensor;embedded feature extraction algorithm;event based imaging;motion triggered object-of-interest imaging;power 3.4 muW;target object;Bandwidth;Capacitors;Feature extraction;Imaging;Random access memory;Sensors;Wireless sensor networks},
doi={10.1109/ISSCC.2013.6487822},
ISSN={0193-6530},
month={Feb},}


@article{myriad15,
  title={Always-on Vision Processing Unit for Mobile Applications.},
  author={Barry, Brendan and Brick, Cormac and Connor, Fergal and Donohoe, David and Moloney, David and Richmond, Richard and O'Riordan, Martin and Toma, Vasile},
  journal={IEEE Micro},
  volume={35},
  number={2},
  pages={56--66},
  year={2015}
}

@inproceedings{convolution_engine,
 author = {Qadeer, Wajahat and Hameed, Rehan and Shacham, Ofer and Venkatesan, Preethi and Kozyrakis, Christos and Horowitz, Mark A.},
 title = {Convolution Engine: Balancing Efficiency and Flexibility in Specialized Computing},
 booktitle = {Proceedings of the 40th Annual International Symposium on Computer Architecture},
 year = {2013},
 isbn = {978-1-4503-2079-5},
 location = {Tel-Aviv, Israel},
 pages = {24--35},
 numpages = {12},
 url = {http://doi.acm.org/10.1145/2485922.2485925},
 doi = {10.1145/2485922.2485925},
 acmid = {2485925},
 publisher = {ACM},
 address = {New York, NY, USA},
 keywords = {H.264, computational photography, convolution, demosaic, energy efficiency, specialized computing, tensilica},
}

@inproceedings{clemons_eva,
 author = {Clemons, Jason and Pellegrini, Andrea and Savarese, Silvio and Austin, Todd},
 title = {EVA: An Efficient Vision Architecture for Mobile Systems},
 booktitle = {Proceedings of the 2013 International Conference on Compilers, Architectures and Synthesis for Embedded Systems},
 year = {2013},
 isbn = {978-1-4799-1400-5},
 location = {Montreal, Quebec, Canada},
 pages = {13:1--13:10},
 articleno = {13},
 numpages = {10},
 acmid = {2555742},
 publisher = {IEEE Press},
 address = {Piscataway, NJ, USA},
 keywords = {architecture, computer vision, mobile},
}
@INPROCEEDINGS{hpca_visionsys,
author={N. Chandramoorthy and G. Tagliavini and K. Irick and A. Pullini and S. Advani and S. A. Habsi and M. Cotter and J. Sampson and V. Narayanan and L. Benini},
booktitle={2015 IEEE 21st International Symposium on High Performance Computer Architecture (HPCA)},
title={Exploring architectural heterogeneity in intelligent vision systems},
year={2015},
pages={1-12},
keywords={Convolution;Engines;Histograms;Kernel;Multicore processing;Vectors},
doi={10.1109/HPCA.2015.7056017},
ISSN={1530-0897},
month={Feb},}

@inproceedings{cuervo2010maui,
  title={MAUI: making smartphones last longer with code offload},
  author={Cuervo, Eduardo and Balasubramanian, Aruna and Cho, Dae-ki and Wolman, Alec and Saroiu, Stefan and Chandra, Ranveer and Bahl, Paramvir},
  booktitle={Proceedings of the 8th international conference on Mobile systems, applications, and services},
  pages={49--62},
  year={2010},
  organization={ACM}
}

@inproceedings{glimpsedata,
 author = {Han, Seungyeop and Nandakumar, Rajalakshmi and Philipose, Matthai and Krishnamurthy, Arvind and Wetherall, David},
 title = {GlimpseData: Towards Continuous Vision-based Personal Analytics},
 booktitle = {Proceedings of the 2014 Workshop on Physical Analytics},

 year = {2014},
 isbn = {978-1-4503-2825-8},
 location = {Bretton Woods, New Hampshire, USA},
 pages = {31--36},
 numpages = {6},
 url = {http://doi.acm.org/10.1145/2611264.2611269},
 doi = {10.1145/2611264.2611269},
 acmid = {2611269},
 publisher = {ACM},
 address = {New York, NY, USA},
 keywords = {continuous mobile perception, face detection, filtering, mobile phone sensors},
}

@ARTICLE{pervasive_compute,
author={M. Satyanarayanan},
journal={IEEE Personal Communications},
title={Pervasive computing: vision and challenges},
year={2001},
volume={8},
number={4},
pages={10-17},
keywords={distributed processing;land mobile radio;mobile computing;computer systems research;distributed systems;invisibility;localized scalability;mobile computing;pervasive computing;research;smart spaces;uneven conditioning masking;wireless LAN;Access protocols;Computer vision;Mobile computing;Pervasive computing;Resource management;Scalability;Space technology;TCPIP;Transcoding;Wireless application protocol},
doi={10.1109/98.943998},
ISSN={1070-9916},
month={Aug},}

@INPROCEEDINGS{multipower-isscc05,
author={U. Mallik and M. Clapp and E. Choi and G. Cauwenberghs and R. Etienne-Cummings},
booktitle={ISSCC. 2005 IEEE International Digest of Technical Papers. Solid-State Circuits Conference, 2005.},
title={Temporal change threshold detection imager},
year={2005},
pages={362-603 Vol. 1},
keywords={CMOS image sensors;image motion analysis;low-power electronics;surveillance;0.5 micron;4.2 mW;6T2C 2P3M CMOS;APS value output;active pixel sensor;compression;event address;in-pixel change/motion detection;intensity readout;low-power low-bandwidth surveillance;temporal change threshold detection imager;Capacitors;Circuits;Decision making;Image coding;Image sensors;Intelligent networks;Intelligent sensors;Pixel;Switches;Threshold voltage},
doi={10.1109/ISSCC.2005.1494019},
ISSN={0193-6530},
month={Feb},}

@inproceedings{cvpr2007,
    title = {A {Specialized} {Processor} {Suitable} for {AdaBoost}-{Based} {Detection} with {Haar}-like {Features}},
    doi = {10.1109/CVPR.2007.383415},
    booktitle = {{IEEE} {Conference} on {Computer} {Vision} and {Pattern} {Recognition}, 2007. {CVPR} '07},
    author = {Hiromoto, M. and Nakahara, K. and Sugano, H. and Nakamura, Y. and Miyamoto, R.},
    month = jun,
    year = {2007},
    keywords = {AdaBoost-based detection, AdaBoost learning algorithm, Computer architecture, Computer vision, Face detection, face recognition, field programmable gate arrays, Haar-like features, Hardware, hybrid parallel execution, image classification, Image edge detection, image scaling method, learning (artificial intelligence), object detection, rapid object detection, real-time object detection, Real time systems, Robustness, robust object detection, VGA video, Virtex-5 FPGA, weak classifiers},
    pages = {1--8},
}

@article{vj_journal,
    title = {Robust real-time face detection},
    volume = {57},
    number = {2},
    urldate = {2015-09-23},
    journal = {International journal of computer vision},
    author = {Viola, Paul and Jones, Michael J.},
    year = {2004},
}

@inproceedings{vj_gpu,
    title = {Accelerating viola-jones face detection to fpga-level using gpus},
    urldate = {2015-10-05},
    booktitle = {2010 18th {IEEE} {Annual} {International} {Symposium} on {Field}-{Programmable} {Custom} {Computing} {Machines}},
    publisher = {IEEE},
    author = {Hefenbrock, Daniel and Oberg, Jason and Thanh, Nhat Tan Nguyen and Kastner, Ryan and Baden, Scott B.},
    year = {2010},
}

@INPROCEEDINGS{energy_eff_vj12,
author={B. Brousseau and J. Rose},
booktitle={Field-Programmable Technology (FPT), 2012 International Conference on},
title={An energy-efficient, fast FPGA hardware architecture for OpenCV-Compatible object detection},
year={2012},
pages={166-173},
keywords={computer vision;field programmable gate arrays;image classification;memory architecture;object detection;object recognition;object tracking;power aware computing;public domain software;smart phones;SIMD processing type;bit-for-bit compatible hardware architecture;cameras;computer vision;energy consumption;energy-efficient FPGA hardware architecture;kernels;memory architecture;mobile devices;object classifiers;object detection;object recognition;object tracking;open source OpenCV computer vision software;smart phones;Computer architecture;Computer vision;Field programmable gate arrays;Hardware;Object detection;Search problems;Software},
doi={10.1109/FPT.2012.6412130},
month={Dec},}

@inproceedings{vj_cho_fpga,
    title = {Hardware acceleration of multi-view face detection},
    urldate = {2015-10-05},
    booktitle = {Application {Specific} {Processors}, 2009. {SASP}'09. {IEEE} 7th {Symposium} on},
    publisher = {IEEE},
    author = {Cho, Junguk and Benson, Bridget and Kastner, Ryan},
    year = {2009},
    pages = {66--69},
}


@inproceedings{vasilyev_2016,
    title = {Evaluating Programmable Architectures for Imaging and Vision Applications},
    booktitle = {2016 49th {IEEE}/{ACM} {International} {Symposium} on {Microarchitecture}, 2016. {MICRO}-49},
    author = {Vasilyev, Artem and Bhagdikar, Nikhil and Pedram, Ardavan and Richardson, Stephen and Kvatinsky, Shahr and Horowitz, Mark},
    month = oct,
    year = {2016},
}

@inproceedings{clemons_pmem,
    title = {A Patch Memory System For Image Processing
and Computer Vision},
    booktitle = {2016 49th {IEEE}/{ACM} {International} {Symposium} on {Microarchitecture}, 2016. {MICRO}-49},
    author = {Clemons, Jason and Cheng, Chih-Chi and Frosio, Iuri and Johnson, Daniel and Keckler, Stephen W.},
    month = oct,
    year = {2016},
}


@inproceedings{mahesri_tradeoffs_2008,
    title = {Tradeoffs in designing accelerator architectures for visual computing},
    doi = {10.1109/MICRO.2008.4771788},
    booktitle = {2008 41st {IEEE}/{ACM} {International} {Symposium} on {Microarchitecture}, 2008. {MICRO}-41},
    author = {Mahesri, A. and Johnson, D. and Crago, N. and Patel, S.J.},
    month = nov,
    year = {2008},
    keywords = {accelerator architecture design, Accelerator architectures, Application software, cache bandwidth, cache storage, Computational modeling, Computer Graphics, Computer simulation, Computer vision, data communication, data visualisation, Encoding, fine-grained multithreading, GPU-style SIMD execution, memory bandwidth, MIMD architecture, multi-threading, parallel architectures, parallel base architecture, Rendering (computer graphics), synchronisation, synchronization, Throughput, uniprocessor, visual computing, Visualization, visualization-interaction-simulation},
    pages = {164--175},
}


@incollection{vj_noc,
    series = {Lecture {Notes} in {Computer} {Science}},
    title = {Communication-{Aware} {Face} {Detection} {Using} {Noc} {Architecture}},
    copyright = {©2008 Springer-Verlag Berlin Heidelberg},
    isbn = {978-3-540-79546-9 978-3-540-79547-6},
    language = {en},
    number = {5008},
    urldate = {2015-09-29},
    booktitle = {Computer {Vision} {Systems}},
    publisher = {Springer Berlin Heidelberg},
    author = {Lai, Hung-Chih and Marculescu, Radu and Savvides, Marios and Chen, Tsuhan},
    editor = {Gasteratos, Antonios and Vincze, Markus and Tsotsos, John K.},
    month = may,
    year = {2008},
    keywords = {Computer Graphics, Computer Imaging, Vision, Pattern Recognition and Graphics, Face detection, Hardware Architecture, Image Processing and Computer Vision, Network-on-Chip, Pattern Recognition},
    pages = {181--189},
}

@inproceedings{vj_cvpr,
    title = {Rapid object detection using a boosted cascade of simple features},
    volume = {1},
    urldate = {2015-09-23},
    booktitle = {Computer {Vision} and {Pattern} {Recognition}, 2001. {CVPR} 2001. {Proceedings} of the 2001 {IEEE} {Computer} {Society} {Conference} on},
    publisher = {IEEE},
    author = {Viola, Paul and Jones, Michael},
    year = {2001},
    pages = {I--511}
}

@inproceedings{cho_parallelized_2009,
    title = {Parallelized {Architecture} of {Multiple} {Classifiers} for {Face} {Detection}},
    doi = {10.1109/ASAP.2009.38},
    booktitle = {20th {IEEE} {International} {Conference} on {Application}-specific {Systems}, {Architectures} and {Processors}, 2009. {ASAP} 2009},
    author = {Cho, Junguk and Benson, B. and Mirzaei, S. and Kastner, R.},
    month = jul,
    year = {2009},
    keywords = {Acceleration, Computer architecture, Face detection, face recognition, field programmable gate arrays, FPGA, Haar classifier, Hardware design languages, Image generation, image processing, image scaling, integral image generation, multiple classifiers, object detection, parallel architecture, parallelized architecture, Parallel processing, Performance gain, real-time processing, Software performance},
    pages = {75--82},
}

@incollection{lienhart_empirical_2003,
    series = {Lecture {Notes} in {Computer} {Science}},
    title = {Empirical {Analysis} of {Detection} {Cascades} of {Boosted} {Classifiers} for {Rapid} {Object} {Detection}},
    copyright = {©2003 Springer-Verlag Berlin Heidelberg},
    isbn = {978-3-540-40861-1 978-3-540-45243-0},
    language = {en},
    number = {2781},
    urldate = {2015-09-29},
    booktitle = {Pattern {Recognition}},
    publisher = {Springer Berlin Heidelberg},
    author = {Lienhart, Rainer and Kuranov, Alexander and Pisarevsky, Vadim},
    editor = {Michaelis, Bernd and Krell, Gerald},
    month = sep,
    year = {2003},
    keywords = {Artificial Intelligence (incl. Robotics), Computer Graphics, Image Processing and Computer Vision, Pattern Recognition},
    pages = {297--304}
}

@INPROCEEDINGS{haar_basis,
author={Papageorgiou, C.P. and Oren, M. and Poggio, T.},
booktitle={Computer Vision, 1998. Sixth International Conference on},
title={A general framework for object detection},
year={1998},
pages={555-562},
keywords={learning (artificial intelligence);object detection;object recognition;cluttered scenes;object detection;static images;trainable framework;unconstrained environments;wavelet representation;Detection algorithms;Dictionaries;Face detection;Layout;Machine learning;Object detection;Statistical analysis;Support vector machine classification;Support vector machines;Wavelet analysis},
doi={10.1109/ICCV.1998.710772},
month={Jan},}

@inproceedings{gao_novel_2008,
    title = {Novel {FPGA} based {Haar} classifier face detection algorithm acceleration},
    doi = {10.1109/FPL.2008.4629966},
    booktitle = {International {Conference} on {Field} {Programmable} {Logic} and {Applications}, 2008. {FPL} 2008},
    author = {Gao, Changjian and Lu, Shih-Lien},
    month = sep,
    year = {2008},
    keywords = {Acceleration, Application software, Computer vision, Fabrics, Face detection, face detection algorithm acceleration, face recognition, field programmable gate arrays, FPGA based Haar classifier, FPGA chip, image classification, Machine learning algorithms, microprocessor chips, Neural networks, pipelined microarchitecture, Support vector machine classification, Support vector machines},
}

@inproceedings{venkataramani_scalable-effort_2015,
    address = {New York, NY, USA},
    title = {Scalable-effort {Classifiers} for {Energy}-efficient {Machine} {Learning}},
    isbn = {978-1-4503-3520-1},
    doi = {10.1145/2744769.2744904},
    urldate = {2015-09-29},
    booktitle = {Proceedings of the 52Nd {Annual} {Design} {Automation} {Conference}},
    publisher = {ACM},
    author = {Venkataramani, Swagath and Raghunathan, Anand and Liu, Jie and Shoaib, Mohammed},
    year = {2015},
    keywords = {approximate computing, energy efficiency, input adaptive systems, machine learning classifiers},
    pages = {67:1--67:6},
    file = {ACM Full Text PDF:/Users/amrita/Library/Application Support/Zotero/Profiles/pdlkt79v.default/zotero/storage/W8GWPBND/Venkataramani et al. - 2015 - Scalable-effort Classifiers for Energy-efficient M.pdf:application/pdf}
}

@ARTICLE{museic,
author={Van Helleputte, N. and Konijnenburg, M. and Pettine, J. and Dong-Woo Jee and Hyejung Kim and Morgado, A. and Van Wegberg, R. and Torfs, T. and Mohan, R. and Breeschoten, A. and de Groot, H. and Van Hoof, C. and Yazicioglu, R.F.},
journal={Solid-State Circuits, IEEE Journal of},
title={A 345 $\micro$W Multi-Sensor Biomedical SoC With Bio-Impedance, 3-Channel ECG, Motion Artifact Reduction, and Integrated DSP},
year={2015},
volume={50},
number={1},
pages={230-244},
doi={10.1109/JSSC.2014.2359962},
ISSN={0018-9200},
month={Jan},}

@article{scharstein2002taxonomy,
  title={A taxonomy and evaluation of dense two-frame stereo correspondence algorithms},
  author={Scharstein, Daniel and Szeliski, Richard},
  journal={International journal of computer vision},
  volume={47},
  number={1-3},
  pages={7--42},
  year={2002},
  publisher={Springer}
}

@INPROCEEDINGS{cvpr_stereo_gpu03,
author={Ruigang Yang and M. Pollefeys},
booktitle={Computer Vision and Pattern Recognition, 2003. Proceedings. 2003 IEEE Computer Society Conference on},
title={Multi-resolution real-time stereo on commodity graphics hardware},
year={2003},
volume={1},
pages={I-211-I-217 vol.1},
keywords={computer graphics;image resolution;image texture;real-time systems;stereo image processing;CPU;NVIDIA GeForce4 graphics card;commodity graphics hardware;disparity map;graphics disparity evaluation;image downloading;multibaseline stereo;multiresolution approach;multiresolution real-time stereo;stereo algorithm;sum-of-square-difference dissimilarity measure;Application software;Casting;Computer graphics;Computer science;Computer vision;Hardware;Multiresolution analysis;Optimization methods;Size measurement;Stereo vision},
doi={10.1109/CVPR.2003.1211356},
ISSN={1063-6919},
month={June},}

@INPROCEEDINGS{icip_gpu_09,
author={Wei Yu and Tsuhan Chen and J. C. Hoe},
booktitle={2009 16th IEEE International Conference on Image Processing (ICIP)},
title={Real time stereo vision using exponential step cost aggregation on GPU},
year={2009},
pages={4281-4284},
keywords={computer graphic equipment;real-time systems;stereo image processing;GPU;adaptive-weight aggregation;exponential step cost aggregation;exponential step information propagation;graphics processing unit;realtime stereo vision;Belief propagation;Central Processing Unit;Computer vision;Constraint optimization;Cost function;Dynamic programming;Graphics;Parallel processing;Real time systems;Stereo vision;GPU;adaptive-weight;real time stereo},
doi={10.1109/ICIP.2009.5413693},
ISSN={1522-4880},
month={Nov},}

@ARTICLE{pami_gpu_stereo14,
author={Q. Yang},
journal={IEEE Transactions on Pattern Analysis and Machine Intelligence},
title={Hardware-Efficient Bilateral Filtering for Stereo Matching},
year={2014},
volume={36},
number={5},
keywords={filtering theory;graphics processing units;image colour analysis;image matching;parallel algorithms;stereo image processing;Middlebury benchmark;Middlebury data sets;NVIDIA GeForce GTX 580 GPU;color image;cost aggregation;cost computation matching;edge-preserving filters;hardware-efficient bilateral filtering;high-quality local stereo matching;occlusion handling;parallel algorithms;postprocessing;stereo vision systems;Graphics processing units;Image edge detection;Image resolution;Joints;Kernel;Runtime;Stereo vision;3D/stereo scene analysis;Computer vision;Filtering;Stereo matching;bilateral filtering;edge-preserving smoothing},
doi={10.1109/TPAMI.2013.186},
ISSN={0162-8828},
month={May},}

@INPROCEEDINGS{bilat_isscc,
author={R. Rithe and P. Raina and N. Ickes and S. V. Tenneti and A. P. Chandrakasan},
booktitle={2013 IEEE International Solid-State Circuits Conference Digest of Technical Papers},
title={Reconfigurable processor for energy-scalable computational photography},
year={2013},
pages={164-165},
keywords={computational complexity;digital photography;image enhancement;nonlinear filters;real-time systems;video signal processing;HDR imaging;LLE imaging;bilateral filtering;computational complexity;energy-scalable computational photography;hardware implementations;high-dynamic range imaging;image capture;image synthesis;lightfield photography;low-light enhanced imaging;multimedia processing applications;nonlinear filtering techniques;realtime processing;reconfigurable multi-application processor;tone management;traditional camera;video enhancement;Computer architecture;Engines;Filtering;Interpolation;Microprocessors;Photography},
doi={10.1109/ISSCC.2013.6487683},
ISSN={0193-6530},
month={Feb},}

@INPROCEEDINGS{cvprw_deepsea04,
author={J. I. Woodfill and G. Gordon and R. Buck},
booktitle={Computer Vision and Pattern Recognition Workshop, 2004. CVPRW '04. Conference on},
title={Tyzx DeepSea High Speed Stereo Vision System},
year={2004},
pages={41-41},
keywords={Cameras;Delay;Image color analysis;Layout;Lenses;Navigation;Pixel;Remotely operated vehicles;Stereo vision;Tracking},
doi={10.1109/CVPR.2004.469},
month={June},}

@INPROCEEDINGS{cvpr_stereo_fpga03,
author={A. Darabiha and J. Rose and J. W. Maclean},
booktitle={Computer Vision and Pattern Recognition, 2003. Proceedings. 2003 IEEE Computer Society Conference on},
title={Video-rate stereo depth measurement on programmable hardware},
year={2003},
volume={1},
pages={I-203-I-210 vol.1},
keywords={computer vision;field programmable gate arrays;reconfigurable architectures;spatial variables measurement;stereo image processing;video signal processing;FPGA;field programmable gate array;local weighted phase-correlation;multiorientation phase-based technique;multiresolution phase-based technique;phase-based stereo vision;programmable hardware;video-rate stereo depth measurement algorithm;Circuits;Computer Society;Digital signal processing;Field programmable gate arrays;Hardware;Image edge detection;Image processing;Random access memory;Stereo vision;Table lookup},
doi={10.1109/CVPR.2003.1211355},
ISSN={1063-6919},
month={June},}

@article{darkroom,
 author = {Hegarty, James and Brunhaver, John and DeVito, Zachary and Ragan-Kelley, Jonathan and Cohen, Noy and Bell, Steven and Vasilyev, Artem and Horowitz, Mark and Hanrahan, Pat},
 title = {Darkroom: Compiling High-level Image Processing Code into Hardware Pipelines},
 journal = {ACM Trans. Graph.},
 issue_date = {July 2014},
 volume = {33},
 number = {4},
 month = jul,
 year = {2014},
 issn = {0730-0301},
 pages = {144:1--144:11},
 articleno = {144},
 numpages = {11},
 url = {http://doi.acm.org/10.1145/2601097.2601174},
 doi = {10.1145/2601097.2601174},
 acmid = {2601174},
 publisher = {ACM},
 address = {New York, NY, USA},
 keywords = {FPGAs, domain-specific languages, hardware synthesis, image processing, video processing},
}


@INPROCEEDINGS{icip_fpga_stereo07,
author={V. Simhadri and P. Chandramani and Y. Ozturk},
booktitle={2007 IEEE International Conference on Image Processing},
title={RASCor: Realtime Associative Stereo Correspondence},
year={2007},
volume={6},
pages={VI - 197-VI - 200},
keywords={field programmable gate arrays;image matching;real-time systems;stereo image processing;FPGA;RASCor;frequency scaling;pair-wise pixel interaction;realtime associative stereo correspondence;stereo matching problem;Digital signal processing;Engines;Field programmable gate arrays;Frequency;Hardware;Image processing;Logic arrays;Pixel;Real time systems;Stereo vision;Associative Relations;Real Time;Stereo Matching},
doi={10.1109/ICIP.2007.4379555},
ISSN={1522-4880},
month={Sept},}

@INPROCEEDINGS{fccm_stereo_fpga09,
author={S. Longfield Jr. and M. L. Chang},
booktitle={Field Programmable Custom Computing Machines, 2009. FCCM '09. 17th IEEE Symposium on},
title={A Parameterized Stereo Vision Core for FPGAs},
year={2009},
pages={263-266},
keywords={field programmable gate arrays;image sensors;stereo image processing;transforms;census transform algorithm;field programmable gate array;parameterized stereo vision core;stereo camera pair simulation;stereo vision systems;Acceleration;Cameras;Computational modeling;Computer vision;Eyes;Field programmable gate arrays;Hardware;Machine vision;Pixel;Stereo vision;Field programmable gate arrays;Reconfigurable computing;Stereo vision},
doi={10.1109/FCCM.2009.32},
month={April},}

@INPROCEEDINGS{samos_fpga_stereo,
author={C. Banz and S. Hesselbarth and H. Flatt and H. Blume and P. Pirsch},
booktitle={Embedded Computer Systems (SAMOS), 2010 International Conference on},
title={Real-time stereo vision system using semi-global matching disparity estimation: Architecture and FPGA-implementation},
year={2010},
pages={93-101},
keywords={field programmable gate arrays;image matching;stereo image processing;visual perception;FPGA-implementation;Xilinx Virtex-5;complex data dependencies;depth resolution;disparity estimation;disparity maps;frame rate;frequency 39 MHz;low resource usage;noise rectification;noise reduction;nonparametric rank transform;real time stereo vision system;semiglobal matching disparity estimation;stereo matching methods;stream-based processing;systolic array based architecture;two-dimensional parallelization concept;visualization;Cameras;Computer architecture;Estimation;Hardware;Interpolation;Pixel;Stereo vision},
doi={10.1109/ICSAMOS.2010.5642077},
month={July},}



@article{rigel_stereo_fpga_2016,
 author = {Hegarty, James and Daly, Ross and DeVito, Zachary and Ragan-Kelley, Jonathan and Horowitz, Mark and Hanrahan, Pat},
 title = {Rigel: Flexible Multi-rate Image Processing Hardware},
 journal = {ACM Trans. Graph.},
 issue_date = {July 2016},
 volume = {35},
 number = {4},
 month = jul,
 year = {2016},
 issn = {0730-0301},
 pages = {85:1--85:11},
 articleno = {85},
 numpages = {11},
 url = {http://doi.acm.org.offcampus.lib.washington.edu/10.1145/2897824.2925892},
 doi = {10.1145/2897824.2925892},
 acmid = {2925892},
 publisher = {ACM},
 address = {New York, NY, USA},
 keywords = {FPGAs, domain-specific languages, hardware synthesis, image processing, video processing},
}


@inproceedings{date_fpga_stereo14,
 author = {Ttofis, Christos and Theocharides, Theocharis},
 title = {High-quality Real-time Hardware Stereo Matching Based on Guided Image Filtering},
 booktitle = {Proceedings of the Conference on Design, Automation \& Test in Europe},
 series = {DATE '14},
 year = {2014},
 isbn = {978-3-9815370-2-4},
 location = {Dresden, Germany},
 pages = {356:1--356:6},
 articleno = {356},
 numpages = {6},
 acmid = {2617108},
 publisher = {European Design and Automation Association},
 address = {3001 Leuven, Belgium, Belgium},
 keywords = {FPGAs, embedded systems, stereo matching},
}
@article{heinzle,
 author = {Heinzle, Simon and Greisen, Pierre and Gallup, David and Chen, Christine and Saner, Daniel and Smolic, Aljoscha and Burg, Andreas and Matusik, Wojciech and Gross, Markus},
 title = {Computational Stereo Camera System with Programmable Control Loop},
 journal = {ACM Trans. Graph.},
 issue_date = {July 2011},
 volume = {30},
 number = {4},
 month = jul,
 year = {2011},
 issn = {0730-0301},
 pages = {94:1--94:10},
 articleno = {94},
 numpages = {10},
 url = {http://doi.acm.org/10.1145/2010324.1964989},
 doi = {10.1145/2010324.1964989},
 acmid = {1964989},
 publisher = {ACM},
 address = {New York, NY, USA},
 keywords = {camera system, programmable, stereoscopy},
}


@inproceedings{neuflow,
    title = {{NeuFlow}: {A} runtime reconfigurable dataflow processor for vision},
    shorttitle = {{NeuFlow}},
    doi = {10.1109/CVPRW.2011.5981829},
    booktitle = {2011 {IEEE} {Computer} {Society} {Conference} on {Computer} {Vision} and {Pattern} {Recognition} {Workshops} ({CVPRW})},
    author = {Farabet, C. and Martini, B. and Corda, B. and Akselrod, P. and Culurciello, E. and LeCun, Y.},
    month = jun,
    year = {2011},
    keywords = {Computer architecture, Computer vision, Convolvers, dataflow compiler, feature extraction, field programmable gate arrays, flow graph representations, flow graphs, Hardware, laptop computer, luaFlow, machine code, NeuFlow, Runtime, runtime reconfigurable dataflow processor, scalable dataflow hardware architecture, Tiles, Xilinx Virtex 6 FPGA platform},
    file = {IEEE Xplore Full Text PDF:/Users/amrita/Library/Application Support/Zotero/Profiles/pdlkt79v.default/zotero/storage/WB2QUIQA/Farabet et al. - 2011 - NeuFlow A runtime reconfigurable dataflow process.pdf:application/pdf}
}

@book{anderson_pyramid_1984,
    title = {Pyramid {Methods} in {Image} {Processing}},
    author = {Anderson, C. H. and Bergen, J. R. and Burt, P. J. and Ogden, J. M.},
    year = {1984},
    file = {Citeseer - Full Text PDF:/Users/amrita/Library/Application Support/Zotero/Profiles/pdlkt79v.default/zotero/storage/KGGSHFBH/Anderson et al. - 1984 - Pyramid Methods in Image Processing.pdf:application/pdf}
}

@INPROCEEDINGS{blezigbee-power,
author={Yao-Hong Liu and Xiongchuan Huang and Vidojkovic, M. and Ba, A. and Harpe, P. and Dolmans, G. and de Groot, H.},
booktitle={Solid-State Circuits Conference Digest of Technical Papers (ISSCC), 2013 IEEE International},
title={A 1.9nJ/b 2.4GHz multistandard (Bluetooth Low Energy/Zigbee/IEEE802.15.6) transceiver for personal/body-area networks},
year={2013},
pages={446-447},
doi={10.1109/ISSCC.2013.6487808},
ISSN={0193-6530},
month={Feb},}


@inproceedings{backscatter-liu,
 author = {Liu, Vincent and Parks, Aaron and Talla, Vamsi and Gollakota, Shyamnath and Wetherall, David and Smith, Joshua R.},
 title = {Ambient Backscatter: Wireless Communication out of Thin Air},
 booktitle = {Proceedings of the ACM SIGCOMM 2013 Conference on SIGCOMM},
 series = {SIGCOMM '13},
 year = {2013},
 isbn = {978-1-4503-2056-6},
 location = {Hong Kong, China},
 pages = {39--50},
 numpages = {12},
 doi = {10.1145/2486001.2486015},
 acmid = {2486015},
 publisher = {ACM},
 address = {New York, NY, USA},
 keywords = {backscatter, energy harvesting, internet of things, wireless},
}

@ARTICLE{wisp,
author={Sample, A.P. and Yeager, D.J. and Powledge, P.S. and Mamishev, A.V. and Smith, J.R.},
journal={Instrumentation and Measurement, IEEE Transactions on},
title={Design of an RFID-Based Battery-Free Programmable Sensing Platform},
year={2008},
volume={57},
number={11},
pages={2608-2615},
doi={10.1109/TIM.2008.925019},
ISSN={0018-9456},
month={Nov},}

@inproceedings{wispcam,
 author = {Naderiparizi, Saman and Zhao, Yi and Youngquist, James and Sample, Alanson P. and Smith, Joshua R.},
 title = {Self-localizing Battery-free Cameras},
 booktitle = {Proceedings of the 2015 ACM International Joint Conference on Pervasive and Ubiquitous Computing},
 series = {UbiComp '15},
 year = {2015},
 isbn = {978-1-4503-3574-4},
 acmid = {2805846},
 publisher = {ACM},
}

@ARTICLE{Forchheimer94,
author={Forchheimer, R. and Astrom, A.},
journal={Image Processing, IEEE Transactions on},
title={Near-sensor image processing: a new paradigm},
year={1994},
volume={3},
number={6},
pages={736-746},
doi={10.1109/83.336244},
ISSN={1057-7149},
month={Nov},}

@misc{grandviewport,
  title = {Image Sensor Market Analysis By Technology (CCD, CMOS, CIS), By Application (Automotive, Consumer Electronics, Defense \& Aerospace, Industrial, Medical, Surveillance) And Segment Forecasts To 2020},
  author = {Grand View Research},
  howpublished = {\url{http://www.grandviewresearch.com/industry-analysis/image-sensors-market}},
  note = {Accessed: 2017-06-06},
}

@inproceedings{msssim,
  title={Multiscale structural similarity for image quality assessment},
  author={Wang, Zhou and Simoncelli, Eero P and Bovik, Alan C},
  booktitle={Signals, Systems and Computers, 2004. Conference Record of the Thirty-Seventh Asilomar Conference on},
  volume={2},
  year={2003},
  organization={Ieee}
}

@MISC{baidu_ar,
  author = {Baidu},
  title = {Baidu Introduces DuSee, New Augmented Reality Platform for Smartphones},
  howpublished = {Press Release},
  month = {August},
  year = {2016},
  note = {\url{http://www.digitaljournal.com/pr/3027217}}
}

@MISC{25ge,
  author = {25G Ethernet Consortium},
  title = {Open Industry Consortium to Bring 25 and 50 Gigabit Ethernet to Cloud-Scale Networks},
  howpublished = {Press Release},
  month = {July},
  year = {2014},
  note = {\url{http://25gethernet.org/node/2}}
}



@INPROCEEDINGS{kitti_benchmark,
author={A. Geiger and P. Lenz and R. Urtasun},
booktitle={Computer Vision and Pattern Recognition (CVPR), 2012 IEEE Conference on},
title={Are we ready for autonomous driving? The KITTI vision benchmark suite},
year={2012},
pages={3354-3361},
keywords={SLAM (robots);image sequences;object detection;robot vision;stereo image processing;video signal processing;3D object detection;KITTI vision benchmark suite;Middlebury perform;SLAM;Velodyne laser scanner;autonomous driving;high resolution video cameras;optical flow image pairs;stereo visual odometry sequences;visual recognition systems;Benchmark testing;Cameras;Measurement;Optical imaging;Optical sensors;Visualization},
doi={10.1109/CVPR.2012.6248074},
ISSN={1063-6919},
month={June},}

@misc{mipi-csi2,
  title = {MIPI - Camera Interface Specifications},
  howpublished = {\url{http://mipi.org/specifications/camera-interface}},
  note = {Accessed: 2017-06-06}
}

@misc{Centeye,
  title = {Vision Chips},
  author={Centeye},
  howpublished = {\url{http://www.centeye.com/technology/vision-chips/}},
  note = {Accessed: 2017-06-06}
}

@misc{OpenMSP430,
  title = {Openmsp430},
  author = {OpenCores},
  howpublished = {\url{http://opencores.org/project,openmsp430}},
  note = {Accessed: 2017-06-06}
}

@misc{ZYNQ,
  title = {SoCs \& MPSoCs},
  author = {Xilinx},
  howpublished = {\url{http://www.origin.xilinx.com/products/silicon-devices/soc.html}},
  note = {Accessed: 2017-06-06}
}

@MISC{omap,
  author = {Texas Instruments},
  title = {OMAP},
  howpublished = {\url{http://processors.wiki.ti.com/index.php/OMAP}},
  note = {Accessed: 2017-06-06}
}

@MISC{snapdragon,
  author = {Qualcomm},
  title = {Snapdragon},
  howpublished = {\url{https://www.qualcomm.com/products/snapdragon/processors
}},
  note = {Accessed: 2017-06-06}
}

@MISC{tegra,
  author = {Nvidia},
  title = {Nvidia Tegra},
  howpublished = {\url{http://www.nvidia.com/object/tegra.html}},
  note = {Accessed: 2017-06-06}
}

@MISC{cudnn,
  author = {Nvidia},
  title= {{cuDNN}},
  howpublished = {\url{https://developer.nvidia.com/cudnn}},
  note = {Accessed: 2017-06-06}
}


@misc{msp430gcc,
author={Texas Instruments},
title={MSP430-GCC - Open Source Compiler for MSP430 Microcontrollers},
howpublished = {\url{http://www.ti.com/tool/msp430-gcc-opensource}},
year = {2014-2015}
}

@article{googlejump,
    author={Robert Anderson and David Gallup and Jonathan T Barron and Janne Kontkanen and Noah Snavely and Carlos Hern\'andez and Sameer Agarwal and Steven M Seitz},
    title={Jump: Virtual Reality Video},
    journal={SIGGRAPH Asia},
    year={2016}
}

@misc{googlecardboard,
  title = {CardBoard - Google VR},
  author = {Google},
  howpublished = {\url{https://vr.google.com/cardboard/}},
  note = {Accessed: 2017-06-06}
}

@misc{gearvr,
  title = {Gear VR},
  author = {Samsung},
  howpublished = {\url{http://www.samsung.com/us/explore/gear-vr/}},
  note = {Accessed: 2017-06-06}
}

@misc{sphere,
  title = {Sphere - Real-time 360 Monitoring and Live Streaming},
  author = {Teradek},
  howpublished = {\url{http://teradek.com/collections/sphere-family/}},
  note = {Accessed: 2017-06-06}
}

@misc{vahana,
  title = {Vahana VR},
  author = {Videostitch},
  howpublished = {\url{http://www.video-stitch.com/live-vr/}},
  note = {Accessed: 2017-06-06}
}

@misc{gopro,
  title = {OmniTM - All Inclusive},
  author = {GoPro},
  howpublished = {\url{https://shop.gopro.com/virtualreality/omni---all-inclusive}},
  note = {Accessed: 2017-06-06}
}

@InProceedings{barron2015,
author = {Barron, Jonathan T. and Adams, Andrew and Shih, YiChang and Hernandez, Carlos},
title = {Fast Bilateral-Space Stereo for Synthetic Defocus},
booktitle = {The IEEE Conference on Computer Vision and Pattern Recognition (CVPR)},
month = {June},
year = {2015}
}

@article{halide,
  title={Halide: a language and compiler for optimizing parallelism, locality, and recomputation in image processing pipelines},
  author={Ragan-Kelley, Jonathan and Barnes, Connelly and Adams, Andrew and Paris, Sylvain and Durand, Fr{\'e}do and Amarasinghe, Saman},
  journal={ACM SIGPLAN Notices},
  volume={48},
  number={6},
  pages={519--530},
  year={2013},
  publisher={ACM}
}

@article{transform_recipes,
 author = {Gharbi, Micha\"{e}l and Shih, YiChang and Chaurasia, Gaurav and Ragan-Kelley, Jonathan and Paris, Sylvain and Durand, Fr{\'e}do},
 title = {Transform Recipes for Efficient Cloud Photo Enhancement},
 journal = {ACM Trans. Graph.},
 issue_date = {November 2015},
 volume = {34},
 number = {6},
 month = oct,
 year = {2015},
 issn = {0730-0301},
 pages = {228:1--228:12},
 articleno = {228},
 numpages = {12},
 url = {http://doi.acm.org/10.1145/2816795.2818127},
 doi = {10.1145/2816795.2818127},
 acmid = {2818127},
 publisher = {ACM},
 address = {New York, NY, USA},
 keywords = {energy-efficient cloud computing, image filter approximation, mobile image processing},
}

@INPROCEEDINGS{Alaghi13,
author={Alaghi, A. and Cheng Li and Hayes, J.P.},
booktitle={Design Automation Conference (DAC), 2013 50th ACM/EDAC/IEEE},
title={Stochastic circuits for real-time image-processing applications},
year={2013},
month={May},}

@article{barr_asanovic,
 author = {Barr, Kenneth C. and Asanovi\'{c}, Krste},
 title = {Energy-aware Lossless Data Compression},
 journal = {ACM Trans. Comput. Syst.},
 issue_date = {August 2006},
 volume = {24},
 number = {3},
 month = aug,
 year = {2006},
 issn = {0734-2071},
 pages = {250--291},
 numpages = {42},
 url = {http://doi.acm.org/10.1145/1151690.1151692},
 doi = {10.1145/1151690.1151692},
 acmid = {1151692},
 publisher = {ACM},
 address = {New York, NY, USA},
 keywords = {Compression, energy-aware, lossless, low-power, power-aware},
}


@ARTICLE{Rowley98,
    author = {Henry A. Rowley and Shumeet Baluja and Takeo Kanade},
    title = {Neural Network-Based Face Detection},
    journal = {IEEE TRANSACTIONS ON PATTERN ANALYSIS AND MACHINE INTELLIGENCE},
    year = {1998},
    volume = {20},
    number = {1},
    pages = {23--38}
}

@InProceedings{snnap,
  author =   {Thierry Moreau and Mark Wyse and Jacob Nelson and Adrian Sampson and Hadi Esmaeilzadeh and
  Luis Ceze and Mark Oskin},
  title =    {{SNNAP: Approximate Computing on Programmable SoCs via Neural
             Acceleration}},
  Booktitle =    {International Symposium on High-Performance Computer Architecture (HPCA)},
  year =     {2015},
  month = {2}
}

@inproceedings{han-hotos,
 author = {Han, Seungyeop and Philipose, Matthai},
 title = {The Case for Onloading Continuous High-datarate Perception to the Phone},
 booktitle = {Proceedings of the 14th USENIX Conference on Hot Topics in Operating Systems},
 series = {HotOS'13},
 year = {2013},
 location = {Santa Ana Pueblo, New Mexcio},
 publisher = {USENIX Association},
 address = {Berkeley, CA, USA},
}

@inproceedings{likamwa-apsys,
 author = {LiKamWa, Robert and Wang, Zhen and Carroll, Aaron and Lin, Felix Xiaozhu and Zhong, Lin},
 title = {Draining Our Glass: An Energy and Heat Characterization of Google Glass},
 booktitle = {Proceedings of 5th Asia-Pacific Workshop on Systems},
 series = {APSys '14},
 year = {2014},
 location = {Beijing, China},
 articleno = {10},
 acmid = {2637230},
 publisher = {ACM},
 address = {New York, NY, USA},
}

@article{moreau-bitwidth,
    author = {Moreau, Thierry and Sampson,Adrian  and Ceze, Luis and Oskin,Mark},
    title = {Approximating to the Last Bit},
    journal = {Workshop on Approximate Computing Across the Stack (WAX)},
    year = {2016},
}

@article{zordan-compression,
  author    = {Davide Zordan and
               Borja Mart{\'{\i}}nez and
               Ignasi Vilajosana and
               Michele Rossi},
  title     = {To Compress or Not To Compress: Processing vs Transmission Tradeoffs
               for Energy Constrained Sensor Networking},
  journal   = {CoRR},
  volume    = {abs/1206.2129},
  year      = {2012},
  url       = {http://arxiv.org/abs/1206.2129},
  timestamp = {Wed, 10 Oct 2012 21:28:53 +0200},
  biburl    = {http://dblp.uni-trier.de/rec/bib/journals/corr/abs-1206-2129},
  bibsource = {dblp computer science bibliography, http://dblp.org}
}

@INPROCEEDINGS{vanderbyl-compression,
author={A. van der Byl and R. Neilson and R. H. Wilkinson},
booktitle={AFRICON 2009},
title={An evaluation of compression techniques for Wireless Sensor Networks},
year={2009},
month={Sept}}

@INPROCEEDINGS{chen-compression,
author={Huamin Chen and Jian Li and P. Mohapatra},
booktitle={Mobile Ad-hoc and Sensor Systems, 2004 IEEE International Conference on},
title={{RACE}: time series compression with rate adaptivity and error bound for sensor networks},
year={2004},
doi={10.1109/MAHSS.2004.1392089},
month={Oct},}

%%%%%%%%%%%%%%%%%%%%%%%%%%%%%%%%%%%%%%%%%%%%%%%%%%
% background - saliency prediction
%%%%%%%%%%%%%%%%%%%%%%%%%%%%%%%%%%%%%%%%%%%%%%%%%%

@inproceedings{mlnet2016,
  author = {Cornia, Marcella and Baraldi, Lorenzo and Serra, Giuseppe and Cucchiara, Rita},
  title = {{A Deep Multi-Level Network for Saliency Prediction}},
  booktitle = {International Conference on Pattern Recognition (ICPR)},
  year = {2016}
}

@misc{chollet2015keras,
  title={Keras},
  author={Chollet, Fran\c{c}ois and others},
  year={2015},
  howpublished={\url{https://keras.io}},
}


@ARTICLE{itti1998model,
author={L. Itti and C. Koch and E. Niebur},
journal={IEEE Transactions on Pattern Analysis and Machine Intelligence},
title={A model of saliency-based visual attention for rapid scene analysis},
year={1998},
volume={20},
number={11},
pages={1254-1259},
keywords={computer vision;feature extraction;image recognition;neural nets;target tracking;dynamical neural network;feature extraction;rapid scene analysis;saliency;scene understanding;target detection;topographical saliency map;visual attention;visual search;Biological system modeling;Brain modeling;Computer architecture;Feature extraction;Hardware;Image analysis;Layout;Neural networks;Object detection;Visual system},
doi={10.1109/34.730558},
ISSN={0162-8828},
month={Nov},}

@INPROCEEDINGS{huang2015salicon,
author={X. Huang and C. Shen and X. Boix and Q. Zhao},
booktitle={2015 IEEE International Conference on Computer Vision (ICCV)},
title={SALICON: Reducing the Semantic Gap in Saliency Prediction by Adapting Deep Neural Networks},
year={2015},
volume={},
number={},
pages={262-270},
doi={10.1109/ICCV.2015.38},
ISSN={},
month={Dec},}

@INPROCEEDINGS{7298731,
author={R. Zhao and W. Ouyang and H. Li and X. Wang},
booktitle={2015 IEEE Conference on Computer Vision and Pattern Recognition (CVPR)},
title={Saliency detection by multi-context deep learning},
year={2015},
volume={},
number={},
pages={1265-1274},
keywords={image classification;learning (artificial intelligence);neural nets;object detection;ImageNet image classification challenge;contemporary deep model;convolutional neural network;deep neural network;low-contrast background;low-level saliency cue;multicontext deep learning framework;multicontext modeling;pre-training strategy;saliency detection;salient object detection;task-specific pre-training scheme;visual appearance;Context;Context modeling;Machine learning;Object detection;Predictive models;Training;Visualization},
doi={10.1109/CVPR.2015.7298731},
ISSN={1063-6919},
month={June},}

@InProceedings{bylinskii2016saliency,
author="Bylinskii, Zoya
and Recasens, Adri{\`a}
and Borji, Ali
and Oliva, Aude
and Torralba, Antonio
and Durand, Fr{\'e}do",
editor="Leibe, Bastian
and Matas, Jiri
and Sebe, Nicu
and Welling, Max",
title="Where Should Saliency Models Look Next?",
booktitle="European Conference on Computer Vision (ECCV)",
year="2016",
publisher="Springer International Publishing"
}

@inproceedings{bylinskii2017vizsaliency,
 author = {Bylinskii, Zoya and Kim, Nam Wook and O'Donovan, Peter and Alsheikh, Sami and Madan, Spandan and Pfister, Hanspeter and Durand, Fredo and Russell, Bryan and Hertzmann, Aaron},
 title = {Learning Visual Importance for Graphic Designs and Data Visualizations},
 booktitle = {Proceedings of the 30th Annual ACM Symposium on User Interface Software and Technology},
 series = {UIST '17},
 year = {2017},
 isbn = {978-1-4503-4981-9},
 location = {Qu\&\#233;bec City, QC, Canada},
 pages = {57--69},
 numpages = {13},
 url = {http://doi.acm.org/10.1145/3126594.3126653},
 doi = {10.1145/3126594.3126653},
 acmid = {3126653},
 publisher = {ACM},
 address = {New York, NY, USA},
 keywords = {computer vision, deep learning, eye tracking, graphic design, machine learning, retargeting, saliency, visualization},
}



%%%%%%%%%%%%%%%%%%%%%%%%%%%%%%%%%%%%%%%%%%%%%%%%%%
% related work - saliency-based compression
%%%%%%%%%%%%%%%%%%%%%%%%%%%%%%%%%%%%%%%%%%%%%%%%%%

@article{li2011visual,
  title={Visual attention guided bit allocation in video compression},
  author={Li, Zhicheng and Qin, Shiyin and Itti, Laurent},
  journal={Image and Vision Computing},
  volume={29},
  number={1},
  pages={1--14},
  year={2011},
  publisher={Elsevier}
}

@ARTICLE{1331443,
author={L. Itti},
journal={IEEE Transactions on Image Processing},
title={Automatic foveation for video compression using a neurobiological model of visual attention},
year={2004},
volume={13},
number={10},
pages={1304-1318},
keywords={data compression;eye;filters;integration;neurophysiology;video coding;MPEG-1;automatic foveation;biologically-motivated algorithm;constant-quality MPEG-4 encoding;dynamic foveation filter;eye fixation;low-level visual cues;mimicking processing;neurobiological model;nonlinear integration;outdoor video scene;posterior parietal cortex;primate occipital;video compression;video streams;visual attention;visually-salient regions;Biological information theory;Biological system modeling;Brain modeling;Filters;Humans;MPEG 4 Standard;Shape;Streaming media;Transform coding;Video compression;Adult;Algorithms;Artificial Intelligence;Attention;Biomimetics;Computer Graphics;Computer Simulation;Data Compression;Eye Movements;Female;Fovea Centralis;Humans;Image Enhancement;Male;Models, Neurological;Numerical Analysis, Computer-Assisted;Pattern Recognition, Automated;Reproducibility of Results;Sensitivity and Specificity;Signal Processing, Computer-Assisted;User-Computer Interface;Video Recording;Visual Perception},
doi={10.1109/TIP.2004.834657},
ISSN={1057-7149},
month={Oct},}

@inproceedings{Fan:2017:FPV:3083165.3083180,
 author = {Fan, Ching-Ling and Lee, Jean and Lo, Wen-Chih and Huang, Chun-Ying and Chen, Kuan-Ta and Hsu, Cheng-Hsin},
 title = {Fixation Prediction for 360\&Deg; Video Streaming in Head-Mounted Virtual Reality},
 booktitle = {Proceedings of the 27th Workshop on Network and Operating Systems Support for Digital Audio and Video},
 series = {NOSSDAV'17},
 year = {2017},
 isbn = {978-1-4503-5003-7},
 location = {Taipei, Taiwan},
 pages = {67--72},
 numpages = {6},
 url = {http://doi.acm.org/10.1145/3083165.3083180},
 doi = {10.1145/3083165.3083180},
 acmid = {3083180},
 publisher = {ACM},
 address = {New York, NY, USA},
 keywords = {360{\${}^\circ\$} video, HMD, prediction, virtual reality},
}

@ARTICLE{hadizadeh2014vidcomp,
author={H. Hadizadeh and I. V. Bajić},
journal={IEEE Transactions on Image Processing},
title={Saliency-Aware Video Compression},
year={2014},
volume={23},
number={1},
pages={19-33},
keywords={discrete cosine transforms;encoding;motion estimation;optimisation;video coding;ROI-based video coding;attention-grabbing coding artifacts;bit rates;conventional rate distortion optimized video coding;encoded video;encoding;nonROI parts;region-of-interest-based video coding;saliency-aware video compression method;salient coding artifacts;state-of-the art perceptual video coding methods;visual quality;Bit rate;Computational modeling;Discrete cosine transforms;Encoding;Quantization (signal);Video coding;Visualization;DCT;Video compression;global motion estimation;visual saliency;0},
doi={10.1109/TIP.2013.2282897},
ISSN={1057-7149},
month={Jan},}

@ARTICLE{lee2012perceptualcodingsurvey,
author={J. S. Lee and T. Ebrahimi},
journal={IEEE Journal of Selected Topics in Signal Processing},
title={Perceptual Video Compression: A Survey},
year={2012},
volume={6},
number={6},
pages={684-697},
keywords={data compression;video coding;coding;computational model;human visual system;maximal perceptual quality;perceptual video compression;performance evaluation;Encoding;Humans;Image coding;PSNR;Transform coding;Video coding;Video compression;Coding efficiency;focus of attention;human visual system;perceptual video compression;quality of experience (QoE);region of interest;visual perception},
doi={10.1109/JSTSP.2012.2215006},
ISSN={1932-4553},
month={Oct},}

@ARTICLE{sitzmann2018saliency,
author={V. Sitzmann and A. Serrano and A. Pavel and M. Agrawala and D. Gutierrez and B. Masia and G. Wetzstein},
journal={IEEE Transactions on Visualization and Computer Graphics},
title={Saliency in VR: How Do People Explore Virtual Environments?},
year={2018},
volume={24},
number={4},
pages={1633-1642},
keywords={gaze tracking;image motion analysis;stereo image processing;virtual reality;VR video cuts;compression algorithms;computational models;desktop viewing conditions;gaze orientation data;head orientation data;immersive VR conditions;immersive virtual environments;modeling saliency;saliency predictors;saliency-based compression;static omni-directional panoramas;stereoscopic omni-directional panoramas;stereoscopic vision;viewing behavior;viewing conditions;virtual reality content;visual attention;Computational modeling;Head;Magnetic heads;Predictive models;Stereo image processing;Virtual environments;Visualization;Saliency;omnidirectional stereoscopic panoramas},
doi={10.1109/TVCG.2018.2793599},
ISSN={1077-2626},
month={April},}

@inproceedings{zund2013content,
  title={Content-aware compression using saliency-driven image retargeting},
  author={Zund, Fabio and Pritch, Yael and Sorkine-Hornung, Alexander and Mangold, Stefan and Gross, Thomas},
  booktitle={Image Processing (ICIP), 2013 20th IEEE International Conference on},
  pages={1845--1849},
  year={2013},
  organization={IEEE}
}

@INPROCEEDINGS{8117038,
author={V. Lyudvichenko and M. Erofeev and Y. Gitman and D. Vatolin},
booktitle={2017 13th IEEE International Conference on Intelligent Computer Communication and Processing (ICCP)},
title={A semiautomatic saliency model and its application to video compression},
year={2017},
volume={},
number={},
pages={403-410},
keywords={computer vision;data compression;eye;gaze tracking;image colour analysis;video coding;attention model;automatic models;average gaze map;center-prior model;computer-vision algorithms;eye-tracking data;high-quality saliency maps;initial estimation;multiobserver eye tracking;quality-evaluation procedure;quality-measurement procedure;saliency-aware modification;semiautomatic saliency model;single observer;video compression;video encoder;visual-attention distribution;visual-attention models;Bit rate;Computational modeling;Feature extraction;Gaze tracking;Observers;Video compression;Visualization;Eye-Tracking;Saliency;Video Compression;Visual Attention;x264},
doi={10.1109/ICCP.2017.8117038},
ISSN={},
month={Sept},}

@article{GUPTA20131006,
title = "Visual saliency guided video compression algorithm",
journal = "Signal Processing: Image Communication",
volume = "28",
number = "9",
pages = "1006 - 1022",
year = "2013",
issn = "0923-5965",
doi = "https://doi.org/10.1016/j.image.2013.07.003",
url = "http://www.sciencedirect.com/science/article/pii/S0923596513000982",
author = "Rupesh Gupta and Meera Thapar Khanna and Santanu Chaudhury",
keywords = "Visual saliency, Feature maps, Mutual information, QP tuning, Machine learning, Motion vector"
}

@ARTICLE{5223506,
author={C. Guo and L. Zhang},
journal={IEEE Transactions on Image Processing},
title={A Novel Multiresolution Spatiotemporal Saliency Detection Model and Its Applications in Image and Video Compression},
year={2010},
volume={19},
number={1},
pages={185-198},
doi={10.1109/TIP.2009.2030969},
ISSN={1057-7149},
month={Jan},}

%%%%%%%%%%%%%%%%%%%%%%%%%%%%%%%%%%%%%%%%%%%%%%%%%%
% background - video transcoding
%%%%%%%%%%%%%%%%%%%%%%%%%%%%%%%%%%%%%%%%%%%%%%%%%%

@inproceedings{de2016large,
  title={A large-scale video codec comparison of x264, x265 and libvpx for practical VOD applications},
  author={De Cock, Jan and Mavlankar, Aditya and Moorthy, Anush and Aaron, Anne},
  booktitle={Applications of Digital Image Processing XXXIX},
  volume={9971},
  pages={997116},
  year={2016},
  organization={International Society for Optics and Photonics}
}

@ARTICLE{6547985,
author={K. Misra and A. Segall and M. Horowitz and S. Xu and A. Fuldseth and M. Zhou},
journal={IEEE Journal of Selected Topics in Signal Processing},
title={An Overview of Tiles in HEVC},
year={2013},
volume={7},
number={6},
pages={969-977},
keywords={video coding;HEVC standard;MTU size matching;MTU size requirements;coding efficiency;high efficiency video coding;maximum transmission unit;parallel architectures;parallel friendliness;parallelization factors;reduced line buffer memory;region-of-interest coding method;region-of-interest functionality;sliced based methods;tiles overview;Multicore processing;Standards;Video coding;Video coding;high efficiency video coding;multicore processing;tiles},
doi={10.1109/JSTSP.2013.2271451},
ISSN={1932-4553},
month={Dec},}


@techreport{netflix2015encoding,
title = {High Quality Video Encoding at Scale},
author = {Anne Aaron and David Ronca},
year = {2015},
howpublished = {\url{http://techblog.netflix.com/2015/12/high-quality-video-encoding-at-scale.html}},
note = {Accessed: 2018-06-08}

}
@misc{fbviews,
author={Mediakix},
title = {The Facebook Video Statistics Everyone Needs to Know},
year = {2016},
howpublished = {\url{http://mediakix.com/2016/08/facebook-video-statistics-everyone-needs-know/}}
}


%%%%%%%%%%%%%%%%%%%%%%%%%%%%%%%%%%%%%%%%%%%%%%%%%%
% benchmarks and tools
%%%%%%%%%%%%%%%%%%%%%%%%%%%%%%%%%%%%%%%%%%%%%%%%%%

@ARTICLE{theano,
   author = {{Theano Development Team}},
    title = "{Theano: A {Python} framework for fast computation of mathematical expressions}",
  journal = {arXiv e-prints},
   volume = {abs/1605.02688},
 primaryClass = "cs.SC",
 keywords = {Computer Science - Symbolic Computation, Computer Science - Learning, Computer Science - Mathematical Software},
     year = 2016,
    month = may,
      url = {http://arxiv.org/abs/1605.02688},
}


@inproceedings{mpegflow,
      author = {Kantorov, V. and Laptev, I.},
      title = {Efficient feature extraction, encoding and classification for action recognition},
      booktitle = {Proc. Computer Vision and Pattern Recognition (CVPR), IEEE, 2014},
      year = {2014} }

@misc{nvenc,
key = {nvenc},
title = {Nvidia Video codec},
howpublished = {\url{https://developer.nvidia.com/nvidia-video-codec-sdk}}
}


@misc{ffmpeg,
key = {ffmpeg},
title={{FFmpeg}},
author={Bellard, Fabrice},
howpublished = {\url{https://ffmpeg.org}}
}

@misc{avone,
key = {avone},
title = {AV1 Software Repository},
author = {Alliance for Open Media ({AOM})},
year = 2018,
howpublished = {\url{https://aomedia.googlesource.com/aom}}
}

@misc{fblive,
key={fblive},
title={Facebook Live | Live Video Streaming},
year=2018,
howpublished = {\url{https://live.fb.com/}}
}


@techreport{mp4,
type = {Standard},
number = {ISO/IEC 14496-14:2003},
year = {2003},
title = {Coding of audio-visual objects -- Part 14: {MP4} file format},
author = {{International Organization for Standardization}}
}

@article{h264spec,
  author    = {Thomas Wiegand and
               Gary J. Sullivan and
               Gisle Bjntegaard and
               Ajay Luthra},
  title     = {Overview of the {H.264/AVC} video coding standard},
  journal   = {TCSVT},
  volume    = {13},
  number    = {7},
  pages     = {560--576},
  year      = {2003},
}

@techreport{netflix2016data,
     title = {Toward A Practical Perceptual Video Quality Metric},
     author = {Zhi Li and Anne Aaron and Ioannis Katsavounidis and Anush Moorthy and Megha Manohara},
     year = {2016},
     howpublished = {\url{http://techblog.netflix.com/2016/06/toward-practical-perceptual-video.html}},
     note = {Accessed: 2018-06-08}
}


@techreport{xiph2016derf,
     title = {Derf’s Test Media Collection.},
     author = {Xiph.org},
     year = {2016},
     howpublished = {\url{https://media.xiph.org/video/derf/}},
     note = {Accessed: 2018-06-08}
}

@inproceedings{saliency-map,
 author = {Lo, Wen-Chih and Fan, Ching-Ling and Lee, Jean and Huang, Chun-Ying and Chen, Kuan-Ta and Hsu, Cheng-Hsin},
 title = {360\&Deg; Video Viewing Dataset in Head-Mounted Virtual Reality},
 booktitle = {Proceedings of the 8th ACM on Multimedia Systems Conference},
 series = {MMSys'17},
 year = {2017},
 isbn = {978-1-4503-5002-0},
 location = {Taipei, Taiwan},
 pages = {211--216},
 numpages = {6},
 url = {http://doi.acm.org/10.1145/3083187.3083219},
 doi = {10.1145/3083187.3083219},
 acmid = {3083219},
 publisher = {ACM},
 address = {New York, NY, USA},
 keywords = {360{\${}^\circ\$} dataset, 360{\${}^\circ\$} video, HMD, head tracking dataset, virtual reality},
}

@techreport{blender,
     title = {Blender Open Projects},
     author = {Blender Foundation},
     year = {2002},
     howpublished = {\url{https://www.blender.org/about/projects/}},
     note = {Accessed: 2018-07-11}
}

%%%%%%%%%%%%%%%%%%%%%%%%%%%%%%%%%%%%%%%%%%%%%%%%%%
% video systems and storage
%%%%%%%%%%%%%%%%%%%%%%%%%%%%%%%%%%%%%%%%%%%%%%%%%%
@inproceedings{optasia2016lu,
 author = {Lu, Yao and Chowdhery, Aakanksha and Kandula, Srikanth},
 title = {Optasia: A Relational Platform for Efficient Large-Scale Video Analytics},
 booktitle = {Proceedings of the Seventh ACM Symposium on Cloud Computing},
 series = {SoCC '16},
 year = {2016},
 location = {Santa Clara, CA, USA},
 pages = {57--70},
 numpages = {14},
 url = {http://doi.acm.org/10.1145/2987550.2987564},
 doi = {10.1145/2987550.2987564},
 acmid = {2987564},
 publisher = {ACM},
 address = {New York, NY, USA},
}

@inproceedings{vernick1996stonybrook,
 author = {Vernick, Michael and Venkatramani, Chitra and Chiueh, Tzi-cker},
 title = {Adventures in Building the Stony Brook Video Server},
 booktitle = {Proceedings of the Fourth ACM International Conference on Multimedia},
 series = {MULTIMEDIA '96},
 year = {1996},
 isbn = {0-89791-871-1},
 location = {Boston, Massachusetts, USA},
 pages = {287--295},
 numpages = {9},
 url = {http://doi.acm.org.offcampus.lib.washington.edu/10.1145/244130.244230},
 doi = {10.1145/244130.244230},
 acmid = {244230},
 publisher = {ACM},
 address = {New York, NY, USA},
 keywords = {experimental systems, multimedia storage servers, video servers},
}

@inproceedings{jevdjic2017approxvid,
 author = {Jevdjic, Djordje and Strauss, Karin and Ceze, Luis and Malvar, Henrique S.},
 title = {Approximate Storage of Compressed and Encrypted Videos},
 booktitle = {Proceedings of the Twenty-Second International Conference on Architectural Support for Programming Languages and Operating Systems},
 series = {ASPLOS '17},
 year = {2017},
 isbn = {978-1-4503-4465-4},
 location = {Xi'an, China},
 pages = {361--373},
 numpages = {13},
 url = {http://doi.acm.org/10.1145/3037697.3037718},
 doi = {10.1145/3037697.3037718},
 acmid = {3037718},
 publisher = {ACM},
 address = {New York, NY, USA},
 keywords = {approximate storage, encryption, multi-level cells, video encoding},
}

@inproceedings {liu2016greenvid,
author = {Peng Liu and Jongwon Yoon and Lance Johnson and Suman Banerjee},
title = {Greening the Video Transcoding Service with Low-Cost Hardware Transcoders},
booktitle = {2016 {USENIX} Annual Technical Conference ({USENIX} {ATC} 16)},
year = {2016},
isbn = {978-1-931971-30-0},
address = {Denver, CO},
pages = {407--419},
url = {https://www.usenix.org/conference/atc16/technical-sessions/presentation/liu},
publisher = {{USENIX} Association},
}

@inproceedings{focus18osdi,
  author    = {Kevin Hsieh and
               Ganesh Ananthanarayanan and
               Peter Bodik and
               Shivaram Venkataraman and
               Paramvir Bahl and
               Matthai Philipose and
               Phillip B. Gibbons and
               Onur Mutlu},
  title     = {Focus: Querying Large Video Datasets with Low Latency and Low Cost},
  booktitle = {
               {OSDI}},
  year      = {2018},
  url       = {https://www.usenix.org/conference/osdi18/presentation/hsieh},
  timestamp = {Tue, 29 Jan 2019 17:35:36 +0100},
  biburl    = {https://dblp.org/rec/bib/conf/osdi/HsiehABVBPGM18},
  bibsource = {dblp computer science bibliography, https://dblp.org}
}

@inproceedings{chameleon18sigcomm,
  author    = {Junchen Jiang and
               Ganesh Ananthanarayanan and
               Peter Bodik and
               Siddhartha Sen and
               Ion Stoica},
  title     = {Chameleon: scalable adaptation of video analytics},
  booktitle = {{SIGCOMM}},
  year      = {2018},
  url       = {https://doi.org/10.1145/3230543.3230574},
  doi       = {10.1145/3230543.3230574},
  timestamp = {Wed, 21 Nov 2018 12:44:03 +0100},
  biburl    = {https://dblp.org/rec/bib/conf/sigcomm/JiangABSS18},
  bibsource = {dblp computer science bibliography, https://dblp.org}
}

@inproceedings{videostorm,
  author    = {Haoyu Zhang and
               Ganesh Ananthanarayanan and
               Peter Bodik and
               Matthai Philipose and
               Paramvir Bahl and
               Michael J. Freedman},
  title     = {Live Video Analytics at Scale with Approximation and Delay-Tolerance},
  booktitle = {{NSDI}},
  year      = {2017},
  url       = {https://www.usenix.org/conference/nsdi17/technical-sessions/presentation/zhang},
  timestamp = {Tue, 28 Mar 2017 15:12:32 +0200},
  biburl    = {https://dblp.org/rec/bib/conf/nsdi/ZhangABPBF17},
  bibsource = {dblp computer science bibliography, https://dblp.org}
}

@inproceedings{huang2017sve,
 author = {Huang, Qi and Ang, Petchean and Knowles, Peter and Nykiel, Tomasz and Tverdokhlib, Iaroslav and Yajurvedi, Amit and Dapolito,IV, Paul and Yan, Xifan and Bykov, Maxim and Liang, Chuen and Talwar, Mohit and Mathur, Abhishek and Kulkarni, Sachin and Burke, Matthew and Lloyd, Wyatt},
 title = {SVE: Distributed Video Processing at Facebook Scale},
 booktitle = {Proceedings of the 26th Symposium on Operating Systems Principles},
 series = {SOSP '17},
 year = {2017},
 isbn = {978-1-4503-5085-3},
 location = {Shanghai, China},
 pages = {87--103},
 numpages = {17},
 url = {http://doi.acm.org/10.1145/3132747.3132775},
 doi = {10.1145/3132747.3132775},
 acmid = {3132775},
 publisher = {ACM},
 address = {New York, NY, USA},
}

@inproceedings {tang2017popularvid,
author = {Linpeng Tang and Qi Huang and Amit Puntambekar and Ymir Vigfusson and Wyatt Lloyd and Kai Li},
title = {Popularity Prediction of Facebook Videos for Higher Quality Streaming},
booktitle = {2017 {USENIX} Annual Technical Conference ({USENIX} {ATC} 17)},
year = {2017},
isbn = {978-1-931971-38-6},
address = {Santa Clara, CA},
pages = {111--123},
url = {https://www.usenix.org/conference/atc17/technical-sessions/presentation/tang},
publisher = {{USENIX} Association},
}

@inproceedings {beaver2010haystack,
author = {Doug Beaver and Sanjeev Kumar and Harry Li and Jason Sobel and Peter Vajgel},
title = {Finding a needle in Haystack: Facebook’s photo storage},
booktitle = {{USENIX} Symposium on Operating Systems Design and Implementation ({OSDI})},
year = {2010},
url = {https://www.usenix.org/legacy/event/osdi10/},
publisher = {{USENIX} Association},
}
@inproceedings {muralidhar2014f4,
author = {Subramanian Muralidhar and Wyatt Lloyd and Sabyasachi Roy and Cory Hill and Ernest Lin and Weiwen Liu and Satadru Pan and Shiva Shankar and Viswanath Sivakumar and Linpeng Tang and Sanjeev Kumar},
title = {f4: Facebook{\textquoteright}s Warm {BLOB} Storage System},
booktitle = {11th {USENIX} Symposium on Operating Systems Design and Implementation ({OSDI} 14)},
year = {2014},
isbn = { 978-1-931971-16-4},
address = {Broomfield, CO},
pages = {383--398},
url = {https://www.usenix.org/conference/osdi14/technical-sessions/presentation/muralidhar},
publisher = {{USENIX} Association},
}

@inproceedings {fouladi2018salsify,
author = {Sadjad Fouladi and John Emmons and Emre Orbay and Catherine Wu and Riad S. Wahby and Keith Winstein},
title = {Salsify: Low-Latency Network Video through Tighter Integration between a Video Codec and a Transport Protocol},
booktitle = {15th {USENIX} Symposium on Networked Systems Design and Implementation ({NSDI} 18)},
year = {2018},
isbn = {978-1-931971-43-0},
address = {Renton, WA},
pages = {267--282},
url = {https://www.usenix.org/conference/nsdi18/presentation/fouladi},
publisher = {{USENIX} Association},
}

@inproceedings {fouladi2017excamera,
author = {Sadjad Fouladi and Riad S. Wahby and Brennan Shacklett and Karthikeyan Vasuki Balasubramaniam and William Zeng and Rahul Bhalerao and Anirudh Sivaraman and George Porter and Keith Winstein},
title = {Encoding, Fast and Slow: Low-Latency Video Processing Using Thousands of Tiny Threads},
booktitle = {14th {USENIX} Symposium on Networked Systems Design and Implementation ({NSDI} 17)},
year = {2017},
isbn = {978-1-931971-37-9},
address = {Boston, MA},
pages = {363--376},
url = {https://www.usenix.org/conference/nsdi17/technical-sessions/presentation/fouladi},
publisher = {{USENIX} Association},
}

@inproceedings{zhang2017racetosleep,
 author = {Zhang, Haibo and Rengasamy, Prasanna Venkatesh and Zhao, Shulin and Nachiappan, Nachiappan Chidambaram and Sivasubramaniam, Anand and Kandemir, Mahmut T. and Iyer, Ravi and Das, Chita R.},
 title = {Race-to-sleep + Content Caching + Display Caching: A Recipe for Energy-efficient Video Streaming on Handhelds},
 booktitle = {Proceedings of the 50th Annual IEEE/ACM International Symposium on Microarchitecture},
 series = {MICRO-50 '17},
 year = {2017},
 isbn = {978-1-4503-4952-9},
 location = {Cambridge, Massachusetts},
 pages = {517--531},
 numpages = {15},
 url = {http://doi.acm.org/10.1145/3123939.3123948},
 doi = {10.1145/3123939.3123948},
 acmid = {3123948},
 publisher = {ACM},
 address = {New York, NY, USA},
 keywords = {SoC, caching, display, memory, mobile SoC, video streaming},
}

@inproceedings{asicclouds,
 author = {Magaki, Ikuo and Khazraee, Moein and Gutierrez, Luis Vega and Taylor, Michael Bedford},
 title = {ASIC Clouds: Specializing the Datacenter},
 booktitle = {Proceedings of the 43rd International Symposium on Computer Architecture},
 series = {ISCA '16},
 year = {2016},
 isbn = {978-1-4673-8947-1},
 location = {Seoul, Republic of Korea},
 pages = {178--190},
 numpages = {13},
 url = {https://doi.org/10.1109/ISCA.2016.25},
 doi = {10.1109/ISCA.2016.25},
 acmid = {3001156},
 publisher = {IEEE Press},
 address = {Piscataway, NJ, USA},
}


@article{lightdb,
 author = {Brandon Haynes and Amrita Mazumdar and Armin Alaghi and Magdalena Balazinska and Luis Ceze and Alvin Cheung},
 title = {{LightDB}:A {DBMS} for Virtual Reality},
 journal = {Proc. {VLDB} Endow.},
 issue_date = {June 2018},
 volume = {11},
 number = {10},
 month = June,
 year = {2018},
 publisher = {VLDB Endowment},
}

@inproceedings{visualcloud2017haynes,
 author = {Haynes, Brandon and Minyaylov, Artem and Balazinska, Magdalena and Ceze, Luis and Cheung, Alvin},
 title = {VisualCloud Demonstration: A DBMS for Virtual Reality},
 booktitle = {Proceedings of the 2017 ACM International Conference on Management of Data},
 series = {SIGMOD '17},
 year = {2017},
 isbn = {978-1-4503-4197-4},
 location = {Chicago, Illinois, USA},
 pages = {1615--1618},
 numpages = {4},
 url = {http://doi.acm.org/10.1145/3035918.3058734},
 doi = {10.1145/3035918.3058734},
 acmid = {3058734},
 publisher = {ACM},
 address = {New York, NY, USA},
 keywords = {array database, in-memory database, virtual reality}
}


@techreport{netflix2018shotbased,
title = {Optimized shot-based encodes: Now Streaming!},
author = {Megha Manohara and Anush Moorthy and Jan De Cock and Ioannis Katsavounidis and Anne Aaron},
year = {2018},
howpublished = {\url{https://medium.com/netflix-techblog/optimized-shot-based-encodes-now-streaming-4b9464204830}},
note = {Accessed: 2018-06-08}
}

@techreport{netflix2018dynamicopt,
title = {Dynamic optimizer -- a perceptual video encoding optimization framework},
author = {Ioannis Katsavounidis},
year = {2018},
howpublished = {\url{https://medium.com/netflix-techblog/dynamic-optimizer-a-perceptual-video-encoding-optimization-framework-e19f1e3a277f}},
note = {Accessed: 2018-06-08}
}

@techreport{netflix2016mobilecoding,
title = {More Efficient Mobile Encodes for Netflix Downloads},
author = {Andrey Norkin and Jan De Cock and Aditya Mavlankar and Anne Aaron},
year = {2018},
howpublished = {\url{https://medium.com/netflix-techblog/more-efficient-mobile-encodes-for-netflix-downloads-625d7b082909}},
note = {Accessed: 2018-06-08}
}

@techreport{netflix2016x265,
title = {A Large-Scale Comparison of x264, x265, and libvpx -- a Sneak Peek},
author = {Jan De Cock and Aditya Mavlankar and Anush Moorthy and Anne Aaron},
year = {2018},
howpublished = {\url{https://medium.com/netflix-techblog/a-large-scale-comparison-of-x264-x265-and-libvpx-a-sneak-peek-2e81e88f8b0f}},
note = {Accessed: 2018-06-08}
}

@techreport{netflix2015pertitle,
title = {Per-Title Encode Optimization},
author = {Anne Aaron and Zhi Li and Megha Manohara and Jan De Cock and David Ronca},
year = {2015},
howpublished = {\url{https://medium.com/netflix-techblog/per-title-encode-optimization-7e99442b62a2}},
note = {Accessed: 2018-06-08}
}
%%%%%%%%%%%%%%%%%%%%%%%%%%%%%%%%%%%%%%%%%%%%%%%%%%
% video analytics
%%%%%%%%%%%%%%%%%%%%%%%%%%%%%%%%%%%%%%%%%%%%%%%%%%


@inproceedings{redmon2017yolo,
  author    = {Joseph Redmon and
               Ali Farhadi},
  title     = {{YOLO9000:} Better, Faster, Stronger},
  booktitle = {{CVPR}},
  pages     = {6517--6525},
  year      = {2017},
}

@article{poms2018scanner,
  author    = {Alex Poms and Will Crichton and Pat Hanrahan and Kayvon Fatahalian},
  title     = {Scanner: Efficient Video Analysis at Scale},
  journal   = {{ACM} Trans. Graph.},
  volume    = {36},
  number    = {4},
  year      = {2018}
}

@inproceedings{shen2017deepvideo,
  author    = {Haichen Shen and
               Seungyeop Han and
               Matthai Philipose and
               Arvind Krishnamurthy},
  title     = {Fast Video Classification via Adaptive Cascading of Deep Models},
  booktitle = {2017 {IEEE} Conference on Computer Vision and Pattern Recognition,
               {CVPR} 2017, Honolulu, HI, USA, July 21-26, 2017},
  pages     = {2197--2205},
  year      = {2017}
}

@inproceedings{zhang2017livevideoanalytics,
  author    = {Haoyu Zhang and
               Ganesh Ananthanarayanan and
               Peter Bodik and
               Matthai Philipose and
               Paramvir Bahl and
               Michael J. Freedman},
  title     = {Live Video Analytics at Scale with Approximation and Delay-Tolerance},
  booktitle = {14th {USENIX} Symposium on Networked Systems Design and Implementation,
               {NSDI} 2017, Boston, MA, USA, March 27-29, 2017},
  pages     = {377--392},
  year      = {2017}
}

%%%%%%%%%%%%%%%%%%%%%%%%%%%%%%%%%%%%%%%%%%%%%%%%%%
% storage and video stats
%%%%%%%%%%%%%%%%%%%%%%%%%%%%%%%%%%%%%%%%%%%%%%%%%%


@article{fontana2018storage,
author = {Fontana,Robert E.  and Decad,Gary M. },
title = {Moore’s law realities for recording systems and memory storage components: HDD, tape, NAND, and optical},
journal = {AIP Advances},
volume = {8},
number = {5},
pages = {056506},
year = {2018},
doi = {10.1063/1.5007621},
URL = {https://doi.org/10.1063/1.5007621}}

@techreport{cisco2016zettabyte,
     title = {Cisco Visual Networking Index: Forecast and Methodology, 2016–2021},
     author = {Cisco},
     year = {2016},
     howpublished = {\url{https://www.cisco.com/c/en/us/solutions/collateral/service-provider/visual-networking-index-vni/complete-white-paper-c11-481360.pdf}},
     note = {Accessed: 2018-06-07}
}

@techreport{cisco2017zettabyte,
     title = {Cisco Visual Networking Index: Forecast and Methodology, 2008–2013},
     author = {Cisco},
     year = {2008},
     howpublished = {\url{https://www.cisco.com/c/dam/global/pt_br/assets/docs/whitepaper_VNI_06_09.pdf}},
     note = {Accessed: 2018-06-07}
}


%%%%%%%%%%%%%%%%%%%%%%%%%%%%%%%%%%%%%%%%%%%%%%%%%%
% TBD not organized
%%%%%%%%%%%%%%%%%%%%%%%%%%%%%%%%%%%%%%%%%%%%%%%%%%

@article{bulling,
 author = {Bulling, Andreas and Roggen, Daniel and Tr\"{o}ster, Gerhard},
 title = {Wearable EOG Goggles: Seamless Sensing and Context-awareness in Everyday Environments},
 journal = {J. Ambient Intell. Smart Environ.},
 issue_date = {April 2009},
 volume = {1},
 number = {2},
 month = apr,
 year = {2009},
 issn = {1876-1364},
 pages = {157--171},
 numpages = {15},
 url = {http://dl.acm.org/citation.cfm?id=2350315.2350320},
 acmid = {2350320},
 publisher = {IOS Press},
 address = {Amsterdam, The Netherlands, The Netherlands},
 keywords = {Wearable eye tracking, activity recognition, context-awareness, electrooculography (EOG), human-computer interaction (HCI)},
}


@inproceedings{Whitmire:2016:ESC:2971763.2971771,
 author = {Whitmire, Eric and Trutoiu, Laura and Cavin, Robert and Perek, David and Scally, Brian and Phillips, James and Patel, Shwetak},
 title = {EyeContact: Scleral Coil Eye Tracking for Virtual Reality},
 booktitle = {Proceedings of the 2016 ACM International Symposium on Wearable Computers},
 series = {ISWC '16},
 year = {2016},
 isbn = {978-1-4503-4460-9},
 location = {Heidelberg, Germany},
 pages = {184--191},
 numpages = {8},
 url = {http://doi.acm.org/10.1145/2971763.2971771},
 doi = {10.1145/2971763.2971771},
 acmid = {2971771},
 publisher = {ACM},
 address = {New York, NY, USA},
 keywords = {eye tracking, head-mounted displays, magnetic tracking, scleral search coils, virtual reality},
}


@article{wang2006foveated,
  title={Foveated image and video coding},
  author={Wang, Zhou and Bovik, Alan C},
  year={2006},
  journal={Digital Video Image Quality and Perceptual Coding},
}

@article{foveated-3d-graphics,
author = {Guenter, Brian and Finch, Mark and Drucker, Steven and Tan, Desney and Snyder, John},
title = {Foveated 3D Graphics},
booktitle = {},
year = {2012},
month = {November},
journal = {ACM SIGGRAPH Asia},
address = {},
pages = {},
journal = {},
volume = {},
chapter = {},
isbn = {},
}

@article{qadeer,
 author = {Qadeer, Wajahat and Hameed, Rehan and Shacham, Ofer and Venkatesan, Preethi and Kozyrakis, Christos and Horowitz, Mark A.},
 title = {Convolution Engine: Balancing Efficiency \&\#38; Flexibility in Specialized Computing},
 journal = {SIGARCH Comput. Archit. News},
 issue_date = {June 2013},
 volume = {41},
 number = {3},
 month = jun,
 year = {2013},
 issn = {0163-5964},
 pages = {24--35},
 numpages = {12},
 url = {http://doi.acm.org/10.1145/2508148.2485925},
 doi = {10.1145/2508148.2485925},
 acmid = {2485925},
 publisher = {ACM},
 address = {New York, NY, USA},
 keywords = {H.264, computational photography, convolution, demosaic, energy efficiency, specialized computing, tensilica},
}

@inproceedings{crayon,
 author = {Stanley-Marbell, Phillip and Estellers, Virginia and Rinard, Martin},
 title = {Crayon: Saving Power Through Shape and Color Approximation on Next-generation Displays},
 booktitle = {Proceedings of the Eleventh European Conference on Computer Systems},
 series = {EuroSys '16},
 year = {2016},
 isbn = {978-1-4503-4240-7},
 location = {London, United Kingdom},
 pages = {11:1--11:17},
 articleno = {11},
 numpages = {17},
 url = {http://doi.acm.org/10.1145/2901318.2901347},
 doi = {10.1145/2901318.2901347},
 acmid = {2901347},
 publisher = {ACM},
 address = {New York, NY, USA},
}

@article{approxvid,
 author = {Jevdjic, Djordje and Strauss, Karin and Ceze, Luis and Malvar, Henrique S.},
 title = {Approximate Storage of Compressed and Encrypted Videos},
 journal = {SIGARCH Comput. Archit. News},
 issue_date = {March 2017},
 volume = {45},
 number = {1},
 month = apr,
 year = {2017},
 issn = {0163-5964},
 pages = {361--373},
 numpages = {13},
 url = {http://doi.acm.org/10.1145/3093337.3037718},
 doi = {10.1145/3093337.3037718},
 acmid = {3037718},
 publisher = {ACM},
 address = {New York, NY, USA},
 keywords = {approximate storage, encryption, multi-level cells, video encoding},
}

@ARTICLE{svc,
author={H. Schwarz and D. Marpe and T. Wiegand},
journal={IEEE Transactions on Circuits and Systems for Video Technology},
title={Overview of the Scalable Video Coding Extension of the H.264/AVC Standard},
year={2007},
volume={17},
number={9},
pages={1103-1120},
keywords={IEC standards;ISO standards;video coding;H.264/AVC standard;Joint Video Team;MPEG;partial bit stream decoding;scalable video coding extension;Automatic voltage control;Decoding;IEC standards;ISO standards;Scalability;Static VAr compensators;Streaming media;Transform coding;Video coding;Video compression;H.264/AVC;MPEG-4;Scalable Video Coding (SVC);standards;video},
doi={10.1109/TCSVT.2007.905532},
ISSN={1051-8215},
month={Sept},}


@INPROCEEDINGS{psnr,
author={A. Hore and D. Ziou},
booktitle={2010 20th International Conference on Pattern Recognition},
title={Image Quality Metrics: PSNR vs. SSIM},
year={2010},
volume={},
number={},
pages={2366-2369},
keywords={image processing;PSNR;SSIM;image degradation;image quality metrics;peak-signal-to-noise ratio;structural similarity index measure;Additives;Degradation;Image coding;Image quality;PSNR;Sensitivity;Transform coding;PSNR;SSIM;image quality metrics},
doi={10.1109/ICPR.2010.579},
ISSN={1051-4651},
month={Aug},}

@article{ssim,
  title={Image quality assessment: from error visibility to structural similarity},
  author={Wang, Zhou and Bovik, Alan C and Sheikh, Hamid R and Simoncelli, Eero P},
  journal={IEEE transactions on image processing},
  volume={13},
  number={4},
  pages={600--612},
  year={2004},
  publisher={IEEE}
}

@inproceedings{fov-cloud-ryoo,
 author = {Ryoo, Jihoon and Yun, Kiwon and Samaras, Dimitris and Das, Samir R. and Zelinsky, Gregory},
 title = {Design and Evaluation of a Foveated Video Streaming Service for Commodity Client Devices},
 booktitle = {Proceedings of the 7th International Conference on Multimedia Systems},
 series = {MMSys '16},
 year = {2016},
 isbn = {978-1-4503-4297-1},
 location = {Klagenfurt, Austria},
 pages = {6:1--6:11},
 articleno = {6},
 numpages = {11},
 url = {http://doi.acm.org/10.1145/2910017.2910592},
 doi = {10.1145/2910017.2910592},
 acmid = {2910592},
 publisher = {ACM},
 address = {New York, NY, USA},
 keywords = {foveation, video streaming},
}



@article{fov-cloud-game,
  author    = {Gazi Illahi and
               Matti Siekkinen and
               Enrico Masala},
  title     = {Foveated Video Streaming for Cloud Gaming},
  journal   = {CoRR},
  volume    = {abs/1706.04804},
  year      = {2017},
  url       = {http://arxiv.org/abs/1706.04804},
  archivePrefix = {arXiv},
  eprint    = {1706.04804},
  timestamp = {Mon, 03 Jul 2017 13:29:02 +0200},
  biburl    = {http://dblp.org/rec/bib/journals/corr/IllahiSM17},
  bibsource = {dblp computer science bibliography, http://dblp.org}
}

@article{olah2018the,
  author = {Olah, Chris and Satyanarayan, Arvind and Johnson, Ian and Carter, Shan and Schubert, Ludwig and Ye, Katherine and Mordvintsev, Alexander},
  title = {The Building Blocks of Interpretability},
  journal = {Distill},
  year = {2018},
  note = {https://distill.pub/2018/building-blocks},
  doi = {10.23915/distill.00010}
}

@inproceedings{predicates,
  author    = {Yao Lu and
               Srikanth Kandula and
               Surajit Chaudhuri},
  title     = {Interactive Demonstration of Probabilistic Predicates},
  booktitle = {{SIGMOD}},
  pages     = {1669--1672},
  year      = {2018},
}



@article{blazeit,
  author    = {Daniel Kang and
               Peter Bailis and
               Matei Zaharia},
  title     = {BlazeIt: Fast Exploratory Video Queries using Neural Networks},
  journal   = {CoRR},
  volume    = {abs/1805.01046},
  year      = {2018},
  archivePrefix = {arXiv},
}

@article{noscope,
  author    = {Daniel Kang and
               John Emmons and
               Firas Abuzaid and
               Peter Bailis and
               Matei Zaharia},
  title     = {NoScope: Optimizing Deep {CNN}-Based Queries over Video Streams at Scale},
  journal   = {{PVLDB}},
  volume    = {10},
  number    = {11},
  pages     = {1586--1597},
  year      = {2017},
}

@article{ogle1995chabot,
  title={Chabot: Retrieval from a relational database of images},
  author={Ogle, Virginia E and Stonebraker, Michael},
  journal={Computer},
  volume={28},
  number={9},
  pages={40--48},
  year={1995},
  publisher={IEEE}
}
@article{faloutsos1994efficient,
  title={Efficient and effective querying by image content},
  author={Faloutsos, Christos and Barber, Ron and Flickner, Myron and Hafner, Jim and Niblack, Wayne and Petkovic, Dragutin and Equitz, William},
  journal={Journal of intelligent information systems},
  volume={3},
  number={3-4},
  pages={231--262},
  year={1994},
  publisher={Springer}
}

@inproceedings{carson1999blobworld,
  title={Blobworld: A system for region-based image indexing and retrieval},
  author={Carson, Chad and Thomas, Megan and Belongie, Serge and Hellerstein, Joseph M and Malik, Jitendra},
  booktitle={International conference on advances in visual information systems},
  pages={509--517},
  year={1999},
  organization={Springer}
}

@ARTICLE{visualrank,
author={Y. {Jing} and S. {Baluja}},
journal={IEEE Transactions on Pattern Analysis and Machine Intelligence},
title={VisualRank: Applying PageRank to Large-Scale Image Search},
year={2008},
volume={30},
number={11},
pages={1877-1890},
keywords={content-based retrieval;graph theory;image retrieval;Internet;search engines;VisualRank;PageRank;large-scale image search;text search;image-based features;Web queries;user satisfaction;Google image search;large-scale deployment;Large-scale systems;Image retrieval;Image analysis;Search engines;Web pages;Computational efficiency;Content based retrieval;Signal processing;Graph theory;Poles and towers;Image Processing and Computer Vision;Image/video retrieval;Image Processing and Computer Vision;Image/video retrieval;Artificial Intelligence;Database Management Systems;Databases, Factual;Documentation;Image Enhancement;Image Interpretation, Computer-Assisted;Information Storage and Retrieval;Pattern Recognition, Automated;Radiology Information Systems;Subtraction Technique},
doi={10.1109/TPAMI.2008.121},
ISSN={0162-8828},
month={Nov},}

@inproceedings{chaudhuri1996optimizing,
  title={Optimizing queries over multimedia repositories},
  author={Chaudhuri, Surajit and Gravano, Luis},
  booktitle={ACM SIGMOD Record},
  volume={25},
  number={2},
  pages={91--102},
  year={1996},
  organization={ACM}
}

@article{anderson2018physical,
  title={Physical representation-based predicate optimization for a visual analytics database},
  author={Anderson, Michael R and Cafarella, Michael and Ros, German and Wenisch, Thomas F},
  journal={ICDE},
  year={2019}
}

@inproceedings{patney2017perceptual,
  title={Perceptual insights into foveated virtual reality},
  author={Patney, Anjul},
  booktitle={NVIDIA GPU Technology Conference},
  year={2017}
}

@article{guenter2012foveated,
  title={Foveated {3D} graphics},
  author={Guenter, Brian and Finch, Mark and Drucker, Steven and Tan, Desney and Snyder, John},
  journal={ACM Transactions on Graphics (TOG)},
  volume={31},
  number={6},
  pages={164},
  year={2012},
  publisher={ACM}
}


@inproceedings{google2018asplos,
 author = {Boroumand, Amirali and Ghose, Saugata and Kim, Youngsok and Ausavarungnirun, Rachata and Shiu, Eric and Thakur, Rahul and Kim, Daehyun and Kuusela, Aki and Knies, Allan and Ranganathan, Parthasarathy and Mutlu, Onur},
 title = {Google Workloads for Consumer Devices: Mitigating Data Movement Bottlenecks},
 booktitle = {Proceedings of the Twenty-Third International Conference on Architectural Support for Programming Languages and Operating Systems},
 series = {ASPLOS '18},
 year = {2018},
 isbn = {978-1-4503-4911-6},
 location = {Williamsburg, VA, USA},
 pages = {316--331},
 numpages = {16},
 url = {http://doi.acm.org/10.1145/3173162.3173177},
 doi = {10.1145/3173162.3173177},
 acmid = {3173177},
 publisher = {ACM},
 address = {New York, NY, USA},
 keywords = {consumer workloads, data movement, energy efficiency, memory systems, processing-in-memory},
}

@article{bhaynes_vldb18,
  author    = {Brandon Haynes and
               Amrita Mazumdar and
               Armin Alaghi and
               Magdalena Balazinska and
               Luis Ceze and
               Alvin Cheung},
  title     = {{LightDB}: {A} {DBMS} for Virtual Reality Video},
  journal   = {{PVLDB}},
  volume    = {11},
  number    = {10},
  pages     = {1192--1205},
  year      = {2018},
  url       = {http://www.vldb.org/pvldb/vol11/p1192-haynes.pdf},
  doi       = {10.14778/3231751.3231768},
  biburl    = {https://dblp.org/rec/bib/journals/pvldb/HaynesMABCC18},
  bibsource = {dblp computer science bibliography, https://dblp.org}
}

@inproceedings{vignette,
 author = {Mazumdar, Amrita and Haynes, Brandon and Balazinska, Magda and Ceze, Luis and Cheung, Alvin and Oskin, Mark},
 title = {Perceptual Compression for Video Storage and Processing Systems},
 booktitle = {Proceedings of the ACM Symposium on Cloud Computing},
 series = {SoCC '19},
 year = {2019},
 isbn = {978-1-4503-6973-2},
 location = {Santa Cruz, CA, USA},
 pages = {179--192},
 numpages = {14},
 url = {http://doi.acm.org/10.1145/3357223.3362725},
 doi = {10.1145/3357223.3362725},
 acmid = {3362725},
 publisher = {ACM},
 address = {New York, NY, USA},
 keywords = {Storage management, video compression, video streaming},
}

@article{pu2017taco,
 author = {Pu, Jing and Bell, Steven and Yang, Xuan and Setter, Jeff and Richardson, Stephen and Ragan-Kelley, Jonathan and Horowitz, Mark},
 title = {Programming Heterogeneous Systems from an Image Processing DSL},
 journal = {ACM Trans. Archit. Code Optim.},
 issue_date = {September 2017},
 volume = {14},
 number = {3},
 month = aug,
 year = {2017},
 issn = {1544-3566},
 pages = {26:1--26:25},
 articleno = {26},
 numpages = {25},
 url = {http://doi.acm.org/10.1145/3107953},
 doi = {10.1145/3107953},
 acmid = {3107953},
 publisher = {ACM},
 address = {New York, NY, USA},
 keywords = {FPGAs, Image processing, domain specific languages, high-level synthesis},
}


@ARTICLE{multicore-avc,
author={D. F. {Finchelstein} and V. {Sze} and A. P. {Chandrakasan}},
journal={IEEE Transactions on Circuits and Systems for Video Technology},
title={Multicore Processing and Efficient On-Chip Caching for H.264 and Future Video Decoders},
year={2009},
volume={19},
number={11},
pages={1704-1713},
keywords={cache storage;decoding;image resolution;image sequences;microprocessor chips;multiprocessing systems;system-on-chip;video coding;multicore processing;on-chip caching;H.264;video decoder;voltage scaling;mobile device;lower power consumption;memory power;off-chip memory access;parallel decoder;video sequence;multiframe processing;interleaved macroblock ordering;coding efficiency;parallel hardware decoder;interleaved entropy slice technique;Multicore processing;Decoding;Hardware;Delay;Energy consumption;Voltage;System-on-a-chip;Video sequences;Parallel processing;Entropy;H.264;low-power;multicore;parallelism;video decoders},
doi={10.1109/TCSVT.2009.2031459},
ISSN={1558-2205},
month={Nov},}

@article{fov-cloud-game,
author    = {Gazi Illahi and
             Matti Siekkinen and
             Enrico Masala},
title     = {Foveated Video Streaming for Cloud Gaming},
year      = {2017},
eprint    = {1706.04804},
url       = {http://arxiv.org/abs/1706.04804},
}
@inproceedings{xie2018perception,
  title={Perception-oriented {3D} rendering approximation for modern graphics processors},
  author={Xie, Chenhao and Fu, Xin and Song, Shuaiwen},
  booktitle={2018 IEEE International Symposium on High Performance Computer Architecture (HPCA)},
  pages={362--374},
  year={2018},
  organization={IEEE}
}

@INPROCEEDINGS{6522303,
author={Y. {Zhu} and V. J. {Reddi}},
booktitle={2013 IEEE 19th International Symposium on High Performance Computer Architecture (HPCA)},
title={High-performance and energy-efficient mobile web browsing on big/little systems},
year={2013},
volume={},
number={},
pages={13-24},
keywords={Internet;mobile computing;online front-ends;performance evaluation;power aware computing;frequency configuration;energy consumption;Webpage load time;statistical inference models;battery capacity;commerce websites;cut-off constraints;mobile devices;desktop browsers;Internet Web browsing;big little systems;energy efficient mobile web browsing;HTML;Mobile communication;Energy consumption;Cutoff frequency;Browsers;Internet;Loading},
doi={10.1109/HPCA.2013.6522303},
ISSN={1530-0897},
month={Feb},}

@INPROCEEDINGS{8675230,
author={C. {Xie} and X. {Zhang} and A. {Li} and X. {Fu} and S. {Song}},
booktitle={2019 IEEE International Symposium on High Performance Computer Architecture (HPCA)},
title={PIM-VR: Erasing Motion Anomalies In Highly-Interactive Virtual Reality World with Customized Memory Cube},
year={2019},
volume={},
number={},
pages={609-622},
keywords={graphics processing units;image motion analysis;rendering (computer graphics);virtual reality;asynchronous time warp;short MPD;significant motion anomalies;long MPD;successful VR experience;head devices;responded image;motion-to-photon delay;highly interactive VR world;education;medical simulation;computer graphics domain;highly-interactive virtual reality world;PIM-VR;lower ideal MPD;future VR scenarios;PIM-based ATW design;superior user experience;ATW operation;intensive off-chip memory accesses;state-of-the-art ATW technique;modern VR hardware;VR applications;VR vendors;image re-projection technique;customized memory cube;preemption-free processing-in-memory based ATW design;GPU-accelerated ATW;Rendering (computer graphics);Graphics processing units;Resists;Head;Hardware;Photonics;Task analysis;Accelerators;Hardware/software interactions;Emerging technologies;Virtual Reality;Processing in Memory;Off chip memory systems;GPUs},
doi={10.1109/HPCA.2019.00013},
ISSN={1530-0897},
month={Feb},}

@inproceedings{xie2019isca,
 author = {Xie, Chenhao and Xin, Fu and Chen, Mingsong and Song, Shuaiwen Leon},
 title = {OO-VR: NUMA Friendly Object-Oriented VR Rendering Framework for Future NUMA-based multi-GPU Systems},
 booktitle = {Proceedings of the 46th International Symposium on Computer Architecture},
 series = {ISCA '19},
 year = {2019},
 isbn = {978-1-4503-6669-4},
 location = {Phoenix, Arizona},
 pages = {53--65},
 numpages = {13},
 url = {http://doi.acm.org/10.1145/3307650.3322247},
 doi = {10.1145/3307650.3322247},
 acmid = {3322247},
 publisher = {ACM},
 address = {New York, NY, USA},
}


@inproceedings{liu2018mobisys,
 author = {Liu, Luyang and Zhong, Ruiguang and Zhang, Wuyang and Liu, Yunxin and Zhang, Jiansong and Zhang, Lintao and Gruteser, Marco},
 title = {Cutting the Cord: Designing a High-quality Untethered VR System with Low Latency Remote Rendering},
 booktitle = {Proceedings of the 16th Annual International Conference on Mobile Systems, Applications, and Services},
 series = {MobiSys '18},
 year = {2018},
 isbn = {978-1-4503-5720-3},
 location = {Munich, Germany},
 pages = {68--80},
 numpages = {13},
 url = {http://doi.acm.org/10.1145/3210240.3210313},
 doi = {10.1145/3210240.3210313},
 acmid = {3210313},
 publisher = {ACM},
 address = {New York, NY, USA},
 keywords = {60GHz, High-quality, Low latency, Untethered, Virtual Reality},
}


@inproceedings{Kumar2003micro,
 author = {Kumar, Rakesh and Farkas, Keith I. and Jouppi, Norman P. and Ranganathan, Parthasarathy and Tullsen, Dean M.},
 title = {Single-{ISA} Heterogeneous Multi-Core Architectures: The Potential for Processor Power Reduction},
 booktitle = {Proceedings of the 36th Annual IEEE/ACM International Symposium on Microarchitecture},
 series = {MICRO 36},
 year = {2003},
 isbn = {0-7695-2043-X},
 pages = {81--},
 url = {http://dl.acm.org/citation.cfm?id=956417.956569},
 acmid = {956569},
 publisher = {IEEE Computer Society},
 address = {Washington, DC, USA},
}


@inproceedings{pie2012isca,
 author = {Van Craeynest, Kenzo and Jaleel, Aamer and Eeckhout, Lieven and Narvaez, Paolo and Emer, Joel},
 title = {Scheduling Heterogeneous Multi-cores Through Performance Impact Estimation (PIE)},
 booktitle = {Proceedings of the 39th Annual International Symposium on Computer Architecture},
 series = {ISCA '12},
 year = {2012},
 isbn = {978-1-4503-1642-2},
 location = {Portland, Oregon},
 pages = {213--224},
 numpages = {12},
 url = {http://dl.acm.org/citation.cfm?id=2337159.2337184},
 acmid = {2337184},
 publisher = {IEEE Computer Society},
 address = {Washington, DC, USA},
}

@article{albert,
 author = {Albert, Rachel and Patney, Anjul and Luebke, David and Kim, Joohwan},
 title = {Latency Requirements for Foveated Rendering in Virtual Reality},
 journal = {ACM Trans. Appl. Percept.},
 issue_date = {September 2017},
 volume = {14},
 number = {4},
 month = sep,
 year = {2017},
 issn = {1544-3558},
 pages = {25:1--25:13},
 articleno = {25},
 numpages = {13},
 url = {http://doi.acm.org/10.1145/3127589},
 doi = {10.1145/3127589},
 acmid = {3127589},
 publisher = {ACM},
 address = {New York, NY, USA},
 keywords = {Foveated rendering, eye-tracking, latency},
}


@article{kaplanyan2019deepfovea,
  title={{DeepFovea}: neural reconstruction for foveated rendering and video compression using learned statistics of natural videos},
  author={Kaplanyan, Anton S and Sochenov, Anton and Leimk{\"u}hler, Thomas and Okunev, Mikhail and Goodall, Todd and Rufo, Gizem},
  journal={ACM Transactions on Graphics (TOG)},
  volume={38},
  number={6},
  pages={212},
  year={2019},
  publisher={ACM}
}
@inproceedings{geisler1998real,
  title={Real-time foveated multiresolution system for low-bandwidth video communication},
  author={Geisler, Wilson S and Perry, Jeffrey S},
  booktitle={Human vision and electronic imaging III},
  volume={3299},
  pages={294--305},
  year={1998},
  organization={International Society for Optics and Photonics}
}

@ARTICLE{8493507,
author={E. S. {Lubana} and R. P. {Dick}},
journal={IEEE Transactions on Computer-Aided Design of Integrated Circuits and Systems},
title={Digital Foveation: An Energy-Aware Machine Vision Framework},
year={2018},
volume={37},
number={11},
pages={2371-2380},
keywords={cameras;computer vision;embedded systems;energy conservation;energy consumption;feedback;image capture;image recognition;image resolution;minimisation;object detection;power aware computing;energy-aware machine vision framework;machine vision energy minimization framework;imaging hardware;vision algorithms;human vision system;spatially varying sensing architecture;high-resolution images;densely sampling fovea;multiround process;bidirectional information flow;camera hardware;chosen analysis algorithm;embedded machine vision applications;energy efficiency;embedded license plate recognition vision application;system energy consumption;hardware mechanisms;digital foveation;oculomotory feedback;row-column skipping;random access;readout circuitry;frame preservation;Machine vision;Sensors;Image resolution;Energy consumption;Energy resolution;Pipelines;Fovea;machine vision;multiresolution processing;multiround analysis},
doi={10.1109/TCAD.2018.2858340},
ISSN={},
month={Nov},}

@article{mukherjee2015technical,
  title={A technical overview of {VP9} - The latest open-source video codec},
  author={Mukherjee, Debargha and Han, Jingning and Bankoski, Jim and Bultje, Ronald and Grange, Adrian and Koleszar, John and Wilkins, Paul and Xu, Yaowu},
  journal={SMPTE},
  volume={124},
  number={1},
  pages={44--54},
  year={2015},
}


@online{gameface,
  title = {{GameFace} Labs Android-based {VR}
Headset Powered by {NVIDIA Jetson TX2}},
  author = {Gameface Labs},
  howpublished = {\url{https://gamefacelabs.com/}},
  year = {2019},
  note = {Accessed: 2019-11-24}
}

@ARTICLE{furion2019,
author={Z. {Lai} and Y. C. {Hu} and Y. {Cui} and L. {Sun} and N. {Dai} and H. {Lee}},
journal={IEEE Transactions on Mobile Computing},
title={Furion: Engineering High-Quality Immersive Virtual Reality on Today's Mobile Devices},
year={2019},
volume={},
number={},
pages={1-1},
keywords={Rendering (computer graphics);Quality of experience;Servers;Mobile handsets;Wireless networks;Hardware;Headphones;Virtual Reality;Mobile Devices;Untethered;Measurement},
doi={10.1109/TMC.2019.2913364},
ISSN={},
month={},}

@phdthesis{hevcThesis,
  author       = {Tikekar, Mehul},
  title        = {Energy-efficient video decoding using data statistics},
  school       = {Massachusetts Institute of Technology},
  year         = 2017,
  address      = {Massachusetts Institute of Technology},
}

@misc{google-foveation,
title={Google AI Blog}, url={https://ai.googleblog.com/2017/12/introducing-new-foveation-pipeline-for.html}, journal={Google AI Blog}, publisher={Google}, author={Bastani, Behnam and Turner, Eric}, year={2017}, month={Dec}}

@misc{htc-vive-pro-eye,
title={{HTC} Vive Pro Eye}, author={{HTC}}, url={https://enterprise.vive.com/us/product/vive-pro-eye/}, year={2020},month={Feb}}

@inproceedings{zhou2012parallel,
  title={Parallel tools in HEVC for high-throughput processing},
  author={Zhou, Minhua and Sze, Vivienne and Budagavi, Madhukar},
  booktitle={Applications of digital image processing XXXV},
  volume={8499},
  pages={849910},
  year={2012},
  organization={International Society for Optics and Photonics}
}


@article{misra2013tiles,
  title={An overview of tiles in HEVC},
  author={Misra, Kiran and Segall, Andrew and Horowitz, Michael and Xu, Shilin and Fuldseth, Arild and Zhou, Minhua},
  journal={IEEE journal of selected topics in signal processing},
  volume={7},
  number={6},
  pages={969--977},
  year={2013},
  publisher={IEEE}
}

@MISC{yosys,
	author = {Clifford Wolf},
	title = {Yosys Open SYnthesis Suite},
	howpublished = "\url{http://www.clifford.at/yosys/}"
}

@inproceedings{vr360-mmsys17,
 author = {Corbillon, Xavier and De Simone, Francesca and Simon, Gwendal},
 title = {360Degreee Video Head Movement Dataset},
 booktitle = {Proceedings of the 8th ACM on Multimedia Systems Conference},
 series = {MMSys'17},
 year = {2017},
 isbn = {978-1-4503-5002-0},
 location = {Taipei, Taiwan},
 pages = {199--204},
 numpages = {6},
 url = {http://doi.acm.org/10.1145/3083187.3083215},
 doi = {10.1145/3083187.3083215},
 acmid = {3083215},
 publisher = {ACM},
 address = {New York, NY, USA},
 keywords = {360-degree Video, Focus of Attention, Head Mounted Display, Omnidirectional Video, Virtual Reality},
}


@ARTICLE{8khevc-ijssc,
author={D. {Zhou} and S. {Wang} and H. {Sun} and J. {Zhou} and J. {Zhu} and Y. {Zhao} and J. {Zhou} and S. {Zhang} and S. {Kimura} and T. {Yoshimura} and S. {Goto}},
journal={IEEE Journal of Solid-State Circuits},
title={An 8K H.265/HEVC Video Decoder Chip With a New System Pipeline Design},
year={2017},
volume={52},
number={1},
pages={113-126},
keywords={high definition video;video coding;H.265-HEVC video decoder chip;system pipeline design;next-generation video specification;high efficiency video coding;HEVC standard;doubled compression ratio;ultrahigh-throughput requirements;variable-size coding-prediction-transform units;on-chip memory;pipeline buffers;pipeline utilization;nonunified granularity;variable granularity;block-in-block-out queue system;parameter delivery network;component-level optimizations;low-delay-P configuration;Decoding;Random access memory;Pipelines;Pipeline processing;Streaming media;Clocks;Throughput;4K;8K;ASIC;block-in-block-out (BIBO) queue;H.265/High Efficiency Video Coding (HEVC);Super Hi-Vision;UHDTV;ultra-HD;video decoder},
doi={10.1109/JSSC.2016.2616362},
ISSN={},
month={Jan},}

@ARTICLE{tikekar18ijssc,
author={M. {Tikekar} and V. {Sze} and A. P. {Chandrakasan}},
journal={IEEE Journal of Solid-State Circuits},
title={A Fully Integrated Energy-Efficient H.265/HEVC Decoder With eDRAM for Wearable Devices},
year={2018},
volume={53},
number={8},
pages={2368-2377},
keywords={data compression;decoding;DRAM chips;power consumption;video coding;H.265-HEVC decoder;H.265-high-efficiency video coding video decoder;embedded dynamic random access memory;video decoders;energy consumption;off-chip memory;virtual reality headsets;realtime video playback;wearable devices;fully integrated energy-efficient;external memory;lowest reported system power;eDRAM power;decoupling buffer power;decoder cores;times fewer eDRAM macros;power consumption;memory size 10.5 MByte;power 24.9 mW to 30.6 mW;Decoding;Random access memory;Streaming media;Video coding;Memory management;Pipeline processing;Buffer storage;Embedded dynamic random access memory (eDRAM);H.265/high efficiency video coding (HEVC);reference frame compression (RFC);video coding;wearable devices},
doi={10.1109/JSSC.2018.2837124},
ISSN={},
month={Aug},}

@inproceedings{rubiks,
 author = {He, Jian and Qureshi, Mubashir Adnan and Qiu, Lili and Li, Jin and Li, Feng and Han, Lei},
 title = {Rubiks: Practical 360-Degree Streaming for Smartphones},
 booktitle = {Proceedings of the 16th Annual International Conference on Mobile Systems, Applications, and Services},
 series = {MobiSys '18},
 year = {2018},
 isbn = {978-1-4503-5720-3},
 location = {Munich, Germany},
 pages = {482--494},
 numpages = {13},
 url = {http://doi.acm.org/10.1145/3210240.3210323},
 doi = {10.1145/3210240.3210323},
 acmid = {3210323},
 publisher = {ACM},
 address = {New York, NY, USA},
 keywords = {360{\${}^\circ\$} Videos, Rate Adaptation, Smartphones, Video Codecs},
}


@inproceedings{zhang2017race,
  title={Race-to-sleep+ content caching+ display caching: a recipe for energy-efficient video streaming on handhelds},
  author={Zhang, Haibo and Rengasamy, Prasanna Venkatesh and Zhao, Shulin and Nachiappan, Nachiappan Chidambaram and Sivasubramaniam, Anand and Kandemir, Mahmut T and Iyer, Ravi and Das, Chita R},
  booktitle={Proceedings of the 50th Annual IEEE/ACM International Symposium on Microarchitecture},
  pages={517--531},
  year={2017},
  organization={ACM}
}

@article{hevc,
  title={Overview of the high efficiency video coding (HEVC) standard},
  author={Sullivan, Gary J and Ohm, Jens-Rainer and Han, Woo-Jin and Wiegand, Thomas},
  journal={IEEE Transactions on circuits and systems for video technology},
  volume={22},
  number={12},
  pages={1649--1668},
  year={2012},
  publisher={IEEE}
}

@inproceedings{evr19isca,
 author = {Leng, Yue and Chen, Chi-Chun and Sun, Qiuyue and Huang, Jian and Zhu, Yuhao},
 title = {Energy-efficient Video Processing for Virtual Reality},
 booktitle = {Proceedings of the 46th International Symposium on Computer Architecture},
 series = {ISCA '19},
 year = {2019},
 isbn = {978-1-4503-6669-4},
 location = {Phoenix, Arizona},
 pages = {91--103},
 numpages = {13},
 url = {http://doi.acm.org/10.1145/3307650.3322264},
 doi = {10.1145/3307650.3322264},
 acmid = {3322264},
 publisher = {ACM},
 address = {New York, NY, USA},
 keywords = {energy efficiency, hardware accelerator, pre-rendering, projective transformation, video processing, virtual reality},
}


@incollection{foveated-coding,
  author      = "Zhou Wang and Alan C. Bovik",
  title       = "Foveated Image and Video Coding",
  editor      = "H.R. Wu and K.R. Rao",
  booktitle   = "Digital Video Image Quality and Perceptual Coding",
  publisher   = "CRC Press",
  year        = 2006,
  chapter     = 14,
}


@misc{ nvidia-jetson-tx2,
author = {NVIDIA},
title = {Jetson TX2},
year = {2019},
url = {https://www.nvidia.com/en-us/autonomous-machines/embedded-systems/jetson-tx2/}
}

@misc{ nvidia-jetson-reference,
author = {NVIDIA},
title = {Tegra Linux Driver Package},
year = {2019},
url = {https://docs.nvidia.com/jetson/l4t/index.html}
}


@misc{ gstreamer,
key = {Gstreamer},
author={GStreamer},
title = {Gstreamer},
year = {2019},
url = {https://gstreamer.freedesktop.org/}
}

@inproceedings{vbench,
 author = {Lottarini, Andrea and Ramirez, Alex and Coburn, Joel and Kim, Martha A. and Ranganathan, Parthasarathy and Stodolsky, Daniel and Wachsler, Mark},
 title = {Vbench: Benchmarking Video Transcoding in the Cloud},
 booktitle = {Proceedings of the Twenty-Third International Conference on Architectural Support for Programming Languages and Operating Systems},
 series = {ASPLOS '18},
 year = {2018},
 isbn = {978-1-4503-4911-6},
 location = {Williamsburg, VA, USA},
 pages = {797--809},
 numpages = {13},
 url = {http://doi.acm.org/10.1145/3173162.3173207},
 doi = {10.1145/3173162.3173207},
 acmid = {3173207},
 publisher = {ACM},
 address = {New York, NY, USA},
 keywords = {accelerator, benchmark, video transcoding},
}

@online{cisco2016zettabyte,
     title = {Cisco Visual Networking Index: Forecast and Methodology, 2016--2021},
     author = {Cisco},
     year = {2016},
     url = {https://www.cisco.com/c/en/us/solutions/collateral/service-provider/visual-networking-index-vni/complete-white-paper-c11-481360.pdf},
     note = {Accessed: 2019-11-24}
}

@article{nytvr, title={Teaching With {NYT} Virtual Reality Across Subjects}, url={https://www.nytimes.com/2019/03/28/learning/lesson-plans/teaching-with-nyt-virtual-reality-across-subjects.html}, journal={New York Times}, author={Felder, Travis}, year={2019}, month={Mar}}

@article{nationalgeographic-vr, title={New virtual reality video takes you up close with elephants}, url={https://www.nationalgeographic.com/animals/2018/12/okavango-wilderness-360-elephant-herd/}, journal={National Geographic}, year={2018}, month={Dec}}


@online{armBigLittle,
     title = {big.{LITTLE} Technology: The Future of Mobile},
     author = {ARM},
     year = {2013},
     url = {https://www.arm.com/files/pdf/big_LITTLE_Technology_the_Futue_of_Mobile.pdf},
     note = {Accessed: 2019-11-24}
}
